1988 3366
978 181 1186 220 „3ss

367 275 411 305 ro.
433 263 600 315 saltem,
632 264 664 304 si
692 275 779 305 non
804 264 847 305 in
879 263 987 316 alia,
1015 277 1039 306 a
1074 263 1429 320 praecedentibus
1462 265 1597 308 tribus
1620 264 1791 323 differt,

365 338 407 376 in
441 335 598 390 quibus
625 334 695 376 illa
727 334 910 377 oratoris
934 335 998 377 vis
1027 340 1070 377 et
1089 336 1233 378 fervor
1259 336 1387 378 animi
1414 339 1638 393 praecipue
1658 341 1795 382 cerni-

363 411 456 459 tur3
474 411 517 448 at
532 405 734 448 audacius
752 406 955 461 quiddam
979 421 1093 449 nunc
1111 407 1338 450 dicendum
1355 413 1435 462 est,
1461 410 1624 453 scilicet
1644 424 1792 454 neces-

364 478 591 520 situdinem
616 479 795 520 fortasse
818 479 1005 533 aliquam
1029 479 1158 520 fuisse
1182 479 1410 522 Athanasio
1425 492 1522 522 cum
1536 481 1792 536 quibusdam

362 551 541 592 istarum
567 550 802 591 factionum
834 550 1104 603 hominihus,
1139 550 1297 605 quibus
1328 563 1455 605 sagax
1485 557 1528 594 et
1558 552 1793 596 benevolus

363 622 553 676 praesul,
578 622 676 663 lieet
698 621 1077 676 congrediendum,
1094 626 1236 664 tamen
1254 623 1518 678 aliquatenus
1530 626 1793 679 parcendum

364 692 547 734 (luxerit.

452 764 612 806 Deinde
642 763 956 806 observandum
985 770 1047 806 est
1077 765 1311 820 haeresim,
1351 766 1404 808 de
1435 779 1519 821 qua
1544 780 1622 823 per
1649 773 1791 812 totum

363 849 496 890 paene
512 836 671 878 librum
690 837 853 891 agitur,
880 836 981 878 licet
999 836 1260 879 sabellianae
1273 838 1535 893 proximam,
1560 852 1649 881 non
1665 839 1792 882 fuisse

361 908 667 961 Saliellianan13
685 921 781 950 nam
797 913 1176 963 comparaturcum
1196 923 1266 961 ea,
1289 923 1378 962 cg.
1395 914 1588 964 Σαβελλίου
1609 919 1649 951 τὸ
1670 915 1792 957 ἐπιτή-

362 981 497 1032 δευμα,
522 983 566 1034 9,
585 985 627 1023 et
649 985 716 1019 ὅσα
738 984 828 1018 ἄλλα
851 984 906 1019 ἐπὶ
930 984 1122 1034 Σαβελλίου
1149 986 1269 1022 ἄτοπα
1289 985 1455 1035 ιῖιτταντξῖ7
1480 985 1552 1026 25,
1570 985 1788 1037 Quinimo,

361 1066 458 1094 cum
474 1053 657 1095 haeresis
669 1053 829 1095 haeresi
851 1054 1089 1108 opponitur
1111 1054 1154 1095 in
1173 1054 1256 1096 fine
1271 1056 1356 1107 S.3.
1383 1055 1436 1097 de
1461 1057 1628 1098 Arianis
1645 1062 1790 1112 aperta

359 1125 521 1166 mentio
543 1129 605 1165 cst
622 1156 633 1176 ,
666 1129 715 1166 ut
735 1137 828 1166 mos
851 1129 914 1166 est
939 1125 1149 1167 Athanasii
1170 1157 1180 1177 ‚
1205 1126 1258 1168 de
1282 1126 1528 1170 sabellianis
1546 1133 1685 1170 autem
1702 1141 1790 1171 non
1833 1179 1836 1182 ,

360 1200 424 1237 est
451 1197 613 1238 mentio
630 1229 642 1249 ,
679 1196 752 1238 sed
777 1196 830 1237 de
856 1198 906 1238 iis
942 1198 1015 1251 qui
1044 1216 1059 1232 «
1079 1197 1331 1239 Sabellizant
1348 1229 1359 1251 ,
1383 1218 1398 1234 υ
1435 1199 1691 1253 quibuscum
1712 1201 1792 1242 sci-

358 1268 459 1310 licet
487 1281 553 1309 res
589 1272 680 1309 erat
710 1273 857 1310 sancto
897 1270 1092 1310 Doctori.
1135 1271 1358 1311 Praeterea
1398 1270 1605 1312 haeresim
1629 1304 1639 1324 ,
1682 1283 1791 1325 quae

358 1340 587 1394 agebatur,
619 1347 707 1381 esse
735 1341 943 1395 temporis
978 1341 1116 1394 illius,
1152 1354 1239 1383 non
1275 1343 1603 1396 praeteritorum
1637 1356 1788 1385 saecu-

356 1412 525 1463 lorum,
565 1416 730 1453 certum
768 1416 832 1453 est
867 1416 960 1454 tum
993 1425 1042 1453 ex
1075 1412 1282 1467 loquendi
1326 1413 1487 1467 modo,
1534 1426 1622 1468 quo
1655 1415 1791 1456 utitur

358 1483 632 1535 Athanasius,
657 1487 748 1524 tum
775 1484 876 1537 quia
898 1488 1087 1527 caeterae
1103 1515 1114 1536 ,
1150 1484 1406 1538 quibuscum
1431 1484 1600 1527 dimicat
1621 1485 1665 1526 in
1687 1487 1790 1527 scri-

356 1555 442 1610 ptis
473 1556 584 1607 suis,
630 1560 729 1596 sunt
768 1555 831 1596 sui
863 1555 1075 1610 aequaleS.
1119 1556 1308 1610 Namque
1337 1556 1493 1608 etiam,
1536 1569 1635 1598 cum
1664 1558 1787 1599 Pauli

356 1628 614 1668 samosateni
646 1626 854 1668 haeresim
885 1626 1136 1681 aggreditur
1156 1662 1166 1681 ,
1200 1640 1288 1669 non
1319 1627 1503 1682 priscam
1532 1628 1655 1670 istam
1691 1641 1786 1670 sae·-

360 1698 443 1739 culi
465 1699 687 1740 anterioris
705 1699 749 1740 in
766 1711 938 1741 arenam
953 1698 1161 1751 immittit,
1183 1698 1258 1741 sed
1276 1700 1539 1741 immutatam
1553 1703 1595 1741 et
1610 1711 1784 1753 novam,

358 1770 526 1823 qualem
550 1771 639 1824 ipse
662 1783 754 1811 eam
778 1775 1056 1826 conspexerat
1085 1771 1128 1813 in
1161 1771 1323 1827 populo
1356 1771 1604 1813 christiano.
1639 1772 1787 1826 Neque

356 1841 441 1882 hoc
472 1853 570 1882 sane
602 1841 724 1883 facile
755 1841 885 1883 sidem
915 1842 1043 1896 facit,
1076 1843 1121 1884 in
1151 1842 1295 1884 medio
1326 1842 1402 1884 illo
1434 1846 1502 1884 tot
1540 1846 1785 1884 tantorum-

355 1924 439 1966 que
477 1925 671 1954 errorum
703 1914 932 1955 certamine
952 1946 964 1968 ,
998 1913 1118 1968 quod
1159 1914 1390 1956 Athanasio
1431 1914 1647 1969 contigit,
1681 1926 1787 1969 pru-

356 1983 647 2025 dentissimum
678 1986 817 2026 virum
857 1985 913 2027 ad
953 1985 1147 2027 obsoleta
1188 1985 1424 2040 quaedam,
1458 1989 1508 2028 ut
1539 1993 1691 2038 γραῑκὸν
1726 1994 1785 2025 καὶ

358 2060 607 2107 σχολαστικὸν
625 2087 636 2107 ,
670 2057 910 2111 confugisse
936 2059 1006 2110 (1).

442 2128 560 2180 Quae
584 2130 726 2171 omnia
749 2129 1033 2183 suspicionem
1061 2133 1266 2183 movent,
1300 2129 1502 2172 haeresim
1518 2163 1532 2183 ,
1566 2142 1676 2184 quae
1695 2143 1786 2173 ma-

354 2200 478 2242 teries
509 2206 572 2243 est
602 2199 729 2256 hujus
761 2201 862 2243 ljbri
883 2232 894 2254 ,
935 2201 1051 2244 illam
1079 2214 1168 2244 esse
1198 2202 1384 2244 Marcelli
1419 2202 1666 2257 Ancyrani,
1709 2202 1784 2256 qui

354 2283 454 2313 cum
484 2272 718 2315 Athanasio
741 2273 1091 2316 commilitaverat
1122 2277 1272 2314 contra
1302 2273 1505 2326 Arianos,
1539 2277 1581 2314 et
1602 2277 1784 2315 sectato-

353 2355 449 2384 rum
482 2342 597 2398 ejus;
640 2356 737 2386 cum
769 2344 966 2386 omnibus
996 2348 1148 2387 notum
1179 2344 1255 2396 sit,
1291 2343 1506 2386 simillimo
1537 2343 1612 2386 illo
1644 2344 1782 2399 Apol-

352 2413 494 2456 linaris
525 2415 740 2470 exemplo,
775 2416 1051 2458 Athanasium
1086 2415 1132 2458 id
1163 2416 1305 2471 ipsum
1334 2415 1472 2458 facere
1506 2415 1550 2456 in
1589 2414 1782 2470 disputa-

352 2484 545 2527 tionibus
568 2487 677 2539 suis,
701 2487 1014 2529 haeresiarchae
1035 2499 1212 2542 parcere
1226 2487 1415 2539 nomini,
1436 2485 1642 2528 haeresim
1661 2499 1783 2528 seve-

352 2557 514 2598 rissime
545 2557 765 2612 impetere.
794 2558 905 2610 Quid
931 2558 1050 2613 quod
1071 2558 1262 2601 similiter
1283 2571 1308 2600 a
1331 2557 1573 2600 nominibus
1599 2556 1783 2600 abstinet

352 2627 558 2669 Eusebius
577 2629 622 2670 in
642 2629 810 2671 Arianis
828 2630 913 2671 suis
936 2629 1217 2685 reprobandis
1237 2631 1408 2682 (Eccles.
1427 2631 1562 2672 Theol.
1582 2641 1617 2683 1,
1630 2630 1674 2683 9,
1696 2631 1780 2681 10.)

352 2698 446 2740 silet
465 2710 597 2753 porro
617 2701 864 2743 Vincentius
886 2701 1111 2744 Lirinensis
1124 2734 1135 2755 ‚
1155 2702 1190 2744 si
1212 2713 1357 2744 revera
1376 2701 1420 2744 in
1438 2701 1779 2744 commonitorio

420 2785 466 2826 (ι)
491 2786 657 2820 Plutarch.
682 2787 750 2819 Cic.
777 2792 807 2820 5.
