1950 3340
951 159 1179 202 ..(56.-

349 246 524 304 quidem
554 243 885 298 Grammaticus,
919 243 963 285 in
995 243 1150 286 Lexico
1190 255 1268 299 per
1303 242 1500 287 ordinem
1542 244 1781 289 litterarum

350 320 541 374 digesto,
574 315 696 373 quod
725 316 939 359 Atticistes
958 315 1226 368 inscribitur,
1248 314 1360 358 hanc
1379 328 1531 359 vocem
1558 316 1782 360 barbaram

348 404 438 435 csse
458 389 658 433 affirmat.
681 389 828 443 Neque
849 387 963 429 enim
983 386 1099 441 apud
1121 398 1364 442 quenquam
1383 391 1576 431 veterum
1598 389 1782 444 scripto-

349 475 447 507 rum
487 474 580 505 cam
608 459 812 515 reperiri;
844 471 894 501 ac
924 458 1060 500 sicubi
1090 458 1272 501 fortasse
1301 460 1565 514 reperiatur,
1611 473 1699 503 non
1730 474 1781 503 eo

349 548 498 589 sensu,
531 545 619 589 quo
650 544 764 574 nunc
794 530 975 572 sumitur
995 562 1006 583 ,
1038 529 1251 585 usurpari.
1284 530 1450 572 Etenim
1480 530 1595 586 apud
1617 531 1784 587 Sopho-

351 609 461 651 clem
489 607 534 648 in
566 603 771 647 Phaenice
801 614 851 643 ea
880 613 964 642 vox
995 601 1168 643 insidias
1198 601 1436 656 significat3
1470 601 1586 657 apud
1606 604 1782 645 Menan-

350 679 478 723 drum
508 687 608 718 vero
642 673 942 725 condimenta,
975 672 1152 727 perinde
1182 685 1229 715 ac
1259 673 1394 727 siquis
1422 673 1583 716 faecem
1612 674 1701 716 vini
1738 675 1783 716 iu

351 751 470 794 dolio
501 746 790 791 subsidentem
820 744 1007 800 appellet
1027 746 1270 798 hypostasin.
1298 747 1458 788 Verum
1474 746 1576 789 licet
1596 746 1649 788 ab
1671 747 1783 789 anti-

351 823 450 879 quis
478 818 748 877 philosophis
777 817 882 859 haec
913 829 997 858 vox
1028 821 1230 872 usurpata
1258 830 1347 859 non
1376 817 1505 859 fuerit
1524 849 1536 870 ,
1564 817 1784 860 sciendum

351 899 415 938 cst
443 898 587 935 tamen
600 924 611 946 ,
645 890 904 932 recentiores
923 900 971 930 ea
991 888 1236 943 frequenter
1258 900 1359 930 usos
1388 888 1515 930 fuisse
1534 901 1617 943 pro
1637 892 1740 930 usia.
1762 909 1778 924 υ

353 969 538 1019 Ηὶετ.ΙιῙ,
555 966 597 1006 7.
622 964 684 1004 Ex
706 960 1039 1014 Ante-nicaenis,
1053 960 1262 1015 plurimus
1283 964 1346 1002 est
1365 961 1570 1015 Origenes
1590 961 1635 1002 in
1658 973 1784 1004 voca·

352 1037 458 1080 bulo
491 1037 732 1089 hypostasis,·
765 1032 895 1087 idque
914 1063 926 1085 ,
960 1035 1162 1073 contextu
1192 1031 1423 1073 verborum
1452 1032 1711 1086 interprete,
1736 1037 1785 1075 ut

354 1107 617 1164 significetur
653 1117 883 1160 «persona.
903 1123 918 1139 ι»
954 1103 1168 1158 Loquitur
1197 1115 1331 1158 porro
1364 1102 1415 1145 dc
1435 1103 1572 1145 tribus
1601 1104 1786 1156 hyposta-

354 1183 489 1232 sibus5
508 1183 557 1222 ut
573 1178 802 1233 Dionysius
823 1187 1014 1231 quoque,
1031 1173 1122 1230 ejus
1142 1174 1398 1230 discipulus3
1423 1179 1464 1217 et
1481 1175 1703 1230 Eusebius,
1726 1176 1785 1218 ita

355 1258 499 1296 tamen
520 1255 569 1293 ut
598 1251 838 1303 hypostasim
861 1260 959 1290 cum
981 1249 1071 1288 usia
1093 1246 1356 1299 confundat3
1391 1247 1494 1288 item
1517 1247 1782 1302 Athanasius,

357 1329 557 1379 utsupra
579 1322 741 1364 dictum
760 1324 838 1372 est,
874 1319 1021 1374 (Orig.
1045 1323 1087 1360 in
1107 1321 1226 1360 Joan.
1251 1331 1304 1374 11,
1327 1320 1369 1361 6.
1394 1319 1574 1375 Dionys.
1600 1333 1668 1372 ap.
1699 1320 1784 1362 Ba-

355 1397 423 1439 sil.
457 1397 506 1437 de
535 1396 604 1448 Sp.
635 1395 679 1435 S.
716 1405 760 1434 n.
797 1392 868 1434 72.
903 1390 1058 1432 Euseb.
1099 1403 1168 1443 ap.
1207 1391 1326 1433 Socr.
1354 1403 1396 1444 1,
1432 1391 1504 1432 23.
1545 1391 1703 1434 Athan.
1736 1393 1786 1432 In

356 1469 463 1511 illud
487 1469 646 1508 Omnia.
667 1465 710 1506 6.
729 1466 740 1517 )
760 1477 772 1517 ;
796 1462 849 1506 de
874 1461 1039 1505 duabus
1061 1462 1201 1505 Patris
1221 1467 1263 1505 et
1282 1463 1402 1516 Filii,
1429 1463 1656 1517 Origenes,
1678 1464 1783 1505 Am-

354 1541 524 1583 monius
541 1569 553 1591 ,
585 1534 842 1589 Alexander,
878 1534 1078 1588 (Origen.
1101 1536 1144 1575 in
1177 1536 1281 1576 Cels.
1306 1546 1408 1588 vm,
1425 1534 1468 1576 2.
1488 1535 1687 1576 Ammon.
1712 1548 1780 1588 ap.

357 1614 495 1654 Caten.
519 1613 563 1651 in
583 1611 704 1650 Joan.
729 1621 774 1649 x.
799 1609 870 1649 30.
892 1607 1014 1648 Alex.
1036 1620 1106 1659 ap.
1132 1607 1277 1647 Theod.
1302 1617 1337 1660 1,
1354 1607 1396 1647 3.
1418 1618 1462 1661 p.
1488 1607 1614 1659 740.)
1639 1606 1782 1658 Quare

356 1683 525 1725 videtur
554 1681 627 1723 illa
655 1692 742 1722 vox
770 1680 814 1720 in
845 1679 1031 1721 Ecclesia
1061 1677 1273 1720 catholica
1302 1679 1422 1732 prius
1453 1677 1621 1720 scholae
1639 1676 1786 1733 cujus-

357 1754 456 1798 dam
480 1765 569 1796 esse
588 1751 766 1808 propria
782 1782 794 1804 ,
826 1763 980 1806 nempe
1000 1749 1331 1793 Alexandrinae:
1366 1754 1466 1804 post
1496 1753 1637 1791 autem
1658 1762 1786 1792 exor-

355 1831 420 1869 tas
450 1825 645 1867 haereses
664 1836 717 1865 ne
735 1822 968 1865 verborum
992 1822 1248 1876 ambiguitas
1269 1820 1468 1864 fidelibus
1487 1820 1630 1863 fraudi
1650 1825 1758 1863 esset
1774 1852 1786 1874 ,

356 1898 410 1941 ab
441 1896 630 1939 Ecclesia
667 1895 761 1950 ipsa
799 1907 851 1936 ex
889 1894 1044 1937 scholis
1081 1894 1127 1936 in
1167 1905 1267 1936 suos
1305 1906 1408 1935 usus
1441 1905 1531 1935 esse
1561 1905 1782 1935 conversa.

353 1968 582 2020 Profecto,
615 1965 737 2021 quod
767 1966 852 2008 alte
882 1966 925 2007 in
955 1965 1171 2008 mentibus
1206 1964 1526 2007 Catholicorum
1564 1962 1651 2019 jam
1688 1963 1787 2006 inde

358 2041 412 2083 ab
435 2039 653 2095 Apostolis
683 2038 837 2080 insedit
852 2069 864 2091 ,
897 2037 996 2080 Tria
1025 2049 1174 2079 revera
1203 2048 1290 2078 esse
1320 2036 1366 2078 in
1395 2037 1486 2078 Una
1523 2035 1754 2078 Divinitate
1772 2068 1784 2090 ,

358 2111 425 2165 id,
457 2123 553 2154 cum
575 2123 599 2153 a
619 2110 825 2152 malesana
848 2109 1124 2165 philosophia
1142 2107 1486 2164 periclitabatur,
1519 2107 1678 2163 placuit
1702 2108 1786 2149 Ec-

359 2185 524 2239 clesiae,
547 2183 627 2226 Dei
649 2183 816 2225 monitu
829 2215 840 2236 ‚
863 2195 941 2238 per
959 2181 1217 2224 vocabulum
1235 2181 1453 2234 hypostasis
1474 2180 1666 2235 exprimi.
1698 2179 1790 2232 Qua

358 2257 404 2299 in
438 2269 485 2299 re
521 2268 619 2298 cum
648 2254 771 2297 Bullo
803 2258 846 2296 et
875 2255 1052 2296 Marano
1093 2253 1314 2296 consentio
1353 2252 1502 2307 plane;
1545 2251 1626 2294 nisi
1664 2250 1787 2306 quod

358 2329 557 2371 Maranus
572 2328 799 2381 hypostasin
827 2345 842 2362 «
867 2339 1032 2368 summo
1056 2337 1264 2368 consensu
1284 2344 1299 2361 »ι
1326 2327 1541 2379 receptam
1561 2335 1649 2366 esse
1668 2327 1790 2378 putat

357 2400 411 2442 ab
430 2400 602 2443 Oriente
622 2412 645 2441 a
662 2400 799 2441 Noeto
818 2399 884 2440 vel
904 2399 1054 2440 saltem
1075 2397 1255 2440 Sabellio
1276 2399 1427 2438 exorto
1441 2426 1453 2450 ,
1474 2395 1622 2438 Bullus
1641 2398 1784 2437 autem

365 2490 381 2507 «
407 2470 523 2527 apud
561 2470 808 2514 Gatholicos
844 2470 1040 2525 Dionysii
1078 2473 1214 2512 aetate
1251 2471 1394 2511 ratum
1429 2471 1471 2509 et
1510 2465 1642 2508 fixum
1679 2465 1788 2508 illud

359 2542 507 2595 fuisse,
539 2546 626 2584 tres
657 2554 745 2584 esse
775 2541 820 2583 in
852 2541 1008 2584 divinis
1039 2541 1306 2597 hypostases.
1334 2559 1349 2575 »

450 2612 759 2667 Inquirendum
781 2617 844 2655 est
867 2612 1050 2667 denique
1070 2643 1082 2666 ,
1115 2625 1192 2654 cur
1208 2643 1220 2665 ,
1253 2623 1382 2653 unam
1411 2622 1500 2652 rem
1529 2621 1630 2665 prae
1654 2608 1791 2651 oculis

360 2684 593 2738 habentes,
621 2685 791 2727 duobus
822 2685 1038 2727 vocabulis
1067 2687 1157 2726 usia
1176 2687 1219 2726 et
1239 2683 1442 2737 hypostasi
1459 2681 1505 2723 in
1531 2680 1787 2723 Anathema-

359 2754 487 2797 tismo
518 2768 596 2798 suo
628 2756 693 2798 usi
724 2757 807 2798 sint
839 2757 1003 2799 Nicaeni
1034 2757 1195 2799 Patres.
1225 2753 1471 2810 Respondet
1493 2752 1786 2806 Constantius,
