1950 3340
989 203 1046 211 --
1078 179 1223 222 32-

399 265 631 309 Dominum
664 266 794 306 Deum
822 266 1018 306 nostrum
1035 295 1047 318 ‚
1079 263 1154 307 sed
1181 262 1258 306 Dei
1286 261 1422 305 filium
1453 266 1537 305 etc.
1577 275 1616 305 e.
1643 264 1687 305 9.
1720 265 1813 306 init.

399 338 528 392 Alibi,
553 357 569 372 «ι
589 336 781 379 Christus
798 335 928 378 habet
945 336 1127 390 gloriam
1143 339 1240 378 ante
1252 333 1399 377 mundi
1410 334 1814 388 institutionem,16.

397 410 497 452 Vid.
515 421 690 465 quoque
713 409 780 462 13,
804 407 882 450 ubi
899 407 1113 450 Christum
1132 438 1144 460 ,
1166 419 1255 449 non
1274 405 1489 460 Verbum,
1514 418 1682 448 earnem
1701 418 1818 448 sum-

397 483 529 537 psisse
551 481 700 534 doeet3
734 479 836 522 alibi
854 484 996 522 autem
1015 511 1027 533 ,
1059 480 1163 521 inita
1180 477 1269 533 jam
1290 478 1578 533 disputatione
1595 477 1648 520 de
1675 497 1691 513 «
1713 479 1818 520 Per-

397 565 501 595 sona
535 552 715 604 Christi,
741 571 756 587 υ
791 555 935 593 tamen
963 551 1156 605 loquitur
1176 549 1229 592 de
1250 549 1324 592 illo
1348 553 1398 592 ut
1432 568 1448 584 a
1471 549 1697 592 secundam
1718 561 1818 604 per-

397 637 545 666 sonam
574 628 673 678 post
703 625 907 664 Patrem»
933 623 988 663 26
1010 626 1052 664 et
1076 623 1148 663 31.
1175 620 1274 663 Vid.
1301 633 1475 676 quoque
1498 622 1571 663 27.

486 694 704 750 Quidquid
724 698 866 736 autem
885 694 990 736 haee
1011 693 1178 735 valeant
1197 725 1208 746 ,
1230 693 1478 735 confirmare
1500 696 1643 734 tamen
1666 692 1816 746 ausim,

400 770 453 820 (si
476 768 528 810 de
551 780 597 809 re
615 779 856 821 quaquam,
891 765 1012 821 quod
1040 765 1236 807 universe
1266 776 1355 806 non
1385 768 1470 818 est,
1503 775 1649 806 secure
1679 767 1821 818 potest

398 838 685 892 confirmari,)
706 837 965 880 vocabulum
978 838 1186 891 πρόσωπον,
1205 836 1257 878 de
1275 836 1444 878 Christo
1462 836 1680 878 incarnato
1703 847 1819 876 sum-

397 914 521 965 ptum
541 941 552 963 ,
586 922 675 951 non
704 909 830 952 fuisse
860 910 904 951 in
934 922 1015 951 usu
1045 908 1363 951 Catholicorum
1392 919 1526 962 usque
1548 905 1604 948 ad
1625 910 1820 960 tempora

394 982 486 1024 fere
507 981 781 1036 Apollinaris.

488 1055 539 1105 (Ι)
571 1054 668 1095 Non
699 1053 885 1094 occurrit
913 1053 959 1094 in
989 1052 1206 1095 Athanasii
1237 1063 1368 1107 opere
1411 1053 1558 1092 eontra
1594 1049 1819 1104 Apollina-

396 1137 511 1179 rem,
546 1125 705 1180 seripto
728 1125 830 1166 cire.
856 1137 926 1166 an.
951 1126 1052 1167 370.
1085 1124 1269 1178 exeeptis
1296 1123 1401 1166 loeis
1431 1121 1625 1175 duobus,
1648 1120 1699 1163 de
1723 1121 1819 1175 qui-

395 1197 477 1238 bus
508 1201 686 1251 postea3
721 1209 860 1251 neque
890 1197 934 1237 in
965 1197 1093 1250 Greg.
1127 1197 1228 1238 Naz.
1260 1197 1341 1248 Ep.
1369 1195 1454 1236 202
1474 1195 1529 1234 ad
1557 1196 1812 1244 Nectarium,

395 1281 532 1324 neque
563 1271 671 1322 ΕΜ).
702 1271 800 1322 101,
829 1270 925 1310 102.
950 1270 1003 1309 ad
1027 1269 1287 1320 Cledom'um;
1319 1279 1459 1321 neque
1478 1267 1523 1308 in
1536 1267 1716 1318 Dialoqis
1739 1266 1817 1306 tri-

401 1343 471 1382 bus
511 1341 771 1383 Theodoreti
790 1371 802 1395 ,
856 1340 934 1382 nisi
971 1341 1017 1381 in
1046 1353 1132 1382 uno
1163 1340 1261 1382 loeo
1285 1369 1296 1391 ,
1330 1350 1458 1393 quem
1478 1368 1489 1390 ,
1529 1336 1758 1378 Ambrosio
1791 1348 1816 1377 a

394 1412 665 1454 Theodoreto
698 1416 740 1453 et
772 1412 951 1453 Leontio
978 1411 1213 1464 tributum,
1247 1409 1462 1451 Ambrosii
1492 1420 1581 1450 non
1612 1420 1700 1449 esse
1728 1405 1815 1461 jam

398 1484 601 1538 diximus3
635 1496 774 1538 neque
805 1483 850 1524 in
882 1482 1085 1538 Symbolo
1107 1482 1297 1535 Damasi,
1331 1494 1356 1522 a
1386 1492 1473 1535 quo
1505 1478 1817 1521 condemnatus

394 1560 458 1597 est
491 1555 779 1610 Apollinaris,
813 1554 899 1596 vid.
935 1557 1044 1607 ΕΜ).
1070 1555 1191 1595 Dam.
1227 1567 1296 1606 ap.
1333 1555 1466 1594 δοκεῖ.
1488 1552 1512 1592 4
1538 1554 1580 1592 et
1602 1552 1645 1602 53
1679 1562 1817 1604 neque

393 1628 438 1669 in
467 1627 672 1683 symbolo
703 1626 930 1682 Epiphanii
950 1659 961 1680 ,
995 1628 1140 1667 Ancor.
1173 1626 1275 1678 1213
1301 1623 1388 1665 vid.
1416 1634 1590 1678 quoque
1612 1623 1683 1664 75.

483 1701 535 1752 (2)
568 1698 840 1741 Desideratur
886 1697 1000 1740 idem
1037 1698 1081 1739 in
1121 1697 1174 1738 iis
1214 1693 1571 1751 disputationibus
1611 1694 1782 1734 Patrum
1802 1723 1813 1745 ,

392 1771 498 1825 ubi,
533 1772 568 1813 si
598 1775 690 1812 tum
721 1775 826 1813 esset
855 1770 899 1811 in
929 1782 1035 1822 usu,
1065 1767 1161 1823 jure
1192 1771 1282 1810 erat
1311 1764 1655 1821 expectandum3
1691 1762 1812 1818 eujus

393 1842 487 1884 viee
511 1843 618 1884 aliae
648 1846 796 1884 contra
825 1841 1071 1896 suppositae
1094 1843 1193 1882 sunt
1213 1837 1391 1881 voculae
1423 1842 1465 1879 et
1494 1836 1688 1892 phraseS,
1710 1846 1818 1889 quae

392 1919 436 1956 et
473 1914 697 1956 iteratione
736 1927 813 1955 sua
846 1912 1125 1955 formularum
1163 1922 1299 1966 paene
1330 1912 1483 1963 gerunt
1523 1907 1708 1962 speeiem
1728 1938 1739 1958 ,
1773 1909 1816 1946 et

394 1986 594 2028 varietate
628 1998 704 2027 sua
734 1984 1057 2027 admirationem
1077 1986 1277 2035 movent,
1314 1993 1388 2023 eur
1417 1981 1609 2033 πρόσωπον
1641 1988 1815 2032 quoque

394 2058 438 2100 in
467 2058 550 2099 illis
580 2057 687 2099 loeis
720 2069 807 2098 non
837 2056 1085 2110 reperiatur.

481 2131 529 2171 Ε.
556 2142 596 2171 e.
630 2130 825 2170 Irenaeus
847 2141 857 2168 z
898 2146 914 2162 (ι
933 2128 1030 2169 Non
1051 2138 1154 2180 ergo
1174 2127 1344 2167 alterum
1370 2124 1504 2166 filium
1526 2120 1712 2165 hominis
1733 2132 1814 2162 no-

388 2201 452 2242 vit
475 2200 749 2254 Evangelium
766 2233 778 2254 ,
797 2200 876 2242 nisi
893 2199 1008 2241 hune
1029 2199 1103 2253 qui
1121 2210 1170 2239 ex
1193 2197 1324 2238 Maria
1341 2200 1423 2238 ete.
1445 2199 1488 2237 et
1510 2195 1678 2236 eundem
1697 2192 1813 2234 hune

391 2285 561 2327 passum
598 2272 872 2314 resurrexisse
894 2303 903 2312 .
936 2303 946 2312 .
976 2303 986 2312 .
1011 2302 1020 2311 .
1057 2269 1144 2311 Etsi
1174 2268 1320 2322 lingua
1351 2266 1524 2322 quidem
1556 2263 1814 2307 confitentur

390 2358 513 2386 unum
534 2346 677 2386 Jesum
701 2344 941 2396 Christum,
973 2375 983 2384 .
1011 2374 1020 2384 .
1051 2373 1061 2382 .
1096 2342 1265 2382 alterum
1286 2338 1457 2394 quidem
1480 2348 1650 2392 passum
1671 2339 1714 2376 et
1735 2346 1812 2375 na-

390 2421 484 2459 tum
501 2420 582 2459 ete.
607 2420 649 2457 et
677 2427 765 2457 esse
788 2415 969 2457 alterum
998 2424 1147 2455 eorum
1170 2415 1252 2454 etc.
1286 2413 1411 2452 Haer.
1436 2422 1507 2462 111,
1545 2409 1613 2460 16,
1635 2419 1679 2447 n.
1701 2407 1744 2458 5,
1766 2405 1810 2446 6.

389 2501 492 2530 tanus
514 2486 690 2542 quidem
719 2491 762 2528 et
791 2488 896 2527 idem
926 2485 1108 2527 existens
1136 2496 1182 2525 n.
1208 2484 1251 2525 7.
1277 2493 1355 2537 per
1371 2479 1504 2523 multa
1526 2477 1720 2521 dividens
1742 2475 1813 2517 Fi-

387 2559 492 2600 lium
515 2559 592 2600 Dei
614 2571 658 2599 n.
687 2559 730 2599 8.
758 2570 881 2599 unum
902 2562 940 2598 et
962 2556 1153 2607 eundem,
1179 2552 1286 2596 ibid.
1308 2552 1351 2594 Si
1370 2553 1474 2593 alter
1492 2582 1502 2591 .
1531 2581 1541 2590 .
1562 2581 1573 2590 .
1600 2550 1703 2590 alter
1726 2578 1735 2587 .
1761 2578 1772 2588 .
1797 2579 1808 2588 .

389 2631 593 2684 quoniam
622 2643 746 2671 unum
778 2642 876 2671 eum
905 2627 1027 2670 novit
1056 2624 1290 2682 Apostolus
1319 2627 1402 2666 etc.
1425 2641 1440 2658 »ι
1476 2634 1521 2663 n.
1544 2622 1589 2662 9.
1613 2617 1812 2661 Extendi—

387 2706 459 2744 tur
490 2700 724 2756 disputatio
757 2701 813 2744 ad
836 2713 876 2743 c.
897 2701 970 2742 24.

477 2772 753 2816 Ambrosius:
794 2792 810 2808 «
832 2774 940 2814 Unus
958 2771 1001 2813 in
1023 2773 1203 2825 utraque
1227 2766 1470 2822 (divinitate
1491 2768 1533 2807 et
1552 2764 1702 2815 earne)
1739 2759 1810 2803 lo-
