1950 3340
966 219 1026 228 ....
1055 197 1112 240 46
1143 220 1202 229 ..-

377 277 492 318 Orat.
513 288 548 331 1,
570 276 643 319 22.
669 281 714 320 et
734 277 1010 333 interrogatio
1041 278 1114 324 illa
1144 280 1197 324 de
1233 299 1248 316 a
1265 281 1479 337 mutabili,
1502 300 1520 318 »
1547 293 1675 338 quam
1694 295 1792 326 cum

377 347 522 390 locum
543 348 671 393 habet
691 350 736 392 in
757 350 1120 395 Anathematismo
1143 354 1327 395 Nicaeno
1341 384 1353 406 ,
1381 354 1439 396 ita
1460 355 1632 409 exponit
1659 355 1794 397 Atha-

375 420 545 463 nasius:
565 416 602 457 ἀ
618 422 724 464 Nam
762 422 898 466 libero
929 424 1143 479 praeditus
1172 425 1350 468 arbitrio
1381 431 1465 480 est,
1506 439 1559 469 an
1590 427 1710 469 non?
1741 440 1795 469 an

374 492 596 535 voluntate
622 506 704 548 pro
733 495 799 537 sui
823 494 985 537 arbitrii
1005 495 1198 539 libertate
1221 497 1361 540 bonus
1389 502 1453 540 est
1468 530 1480 552 ,
1508 503 1550 541 et
1567 530 1578 551 ,
1604 500 1638 540 si
1660 499 1791 551 velit,

374 567 519 618 potest
545 565 729 619 mutari,
764 578 862 607 cum
892 567 1108 609 mutabilis
1137 568 1191 610 sit
1221 573 1391 622 natura3
1426 582 1504 623 an,
1535 574 1584 612 ut
1612 570 1719 625 lapis
1749 574 1795 612 et

373 635 536 689 lignum
552 667 564 689 ,
586 636 765 678 liberam
782 649 870 680 non
887 638 1017 680 habet
1036 639 1298 682 voluntatem
1322 641 1366 682 in
1387 644 1608 695 utramque
1631 645 1794 696 partem

371 719 418 748 se
445 707 647 750 movendi
677 712 718 750 et
747 708 978 763 vergendi?
997 729 1013 746 »
1048 711 1196 752 Atlcan.
1226 713 1340 754 Orat.
1365 724 1398 763 1,
1428 712 1499 753 35.
1527 712 1692 753 Scilicet
1716 724 1794 753 vo-

371 776 543 819 luerunt
560 778 776 832 haeretici,
799 779 996 837 liberum,
1017 781 1136 836 quod
1155 786 1327 834 vocant,
1347 782 1571 824 arbitrium
1594 787 1793 837 oportere

373 850 619 892 necessitate
647 851 831 905 quadam
852 852 910 894 ita
932 854 1155 907 proprium
1183 866 1271 895 esse
1294 853 1469 906 Christi,
1494 857 1542 895 ut
1566 853 1686 895 aliter
1704 865 1792 895 esse

372 932 461 962 non
490 923 677 975 potuerit
705 923 810 976 quin
834 923 1067 966 absurdum
1098 925 1204 980 quid
1238 924 1590 979 subsequeretur-3
1622 937 1671 967 ex
1703 937 1790 979 quo

373 991 658 1035 conficeretur
678 994 795 1035 illum
826 995 871 1036 in
893 1008 1071 1037 numero
1101 1009 1189 1038 esse
1213 1001 1467 1038 creatorum.

461 1065 504 1105 3.
538 1065 588 1105 In
629 1066 743 1107 Orat.
767 1078 799 1107 1.
833 1068 870 1117 S.
901 1067 973 1108 32.
1008 1068 1156 1108 scribit
1194 1068 1446 1109 Athanasius
1480 1069 1652 1119 ἀγένητον
1683 1066 1792 1109 illud

371 1135 460 1176 sive
484 1136 734 1188 non-sactum
757 1137 891 1179 serius
917 1150 1004 1180 esse
1031 1140 1300 1194 suppositum
1324 1139 1376 1181 ab
1400 1140 1564 1181 Arianis
1585 1140 1626 1180 in
1648 1139 1792 1180 locum

371 1207 567 1262 priorum
595 1220 766 1250 suarum
799 1210 1071 1264 captionum:
1112 1212 1252 1253 «Cum
1278 1210 1367 1266 jam
1397 1224 1484 1253 non
1514 1211 1569 1253 sit
1601 1211 1659 1252 eis
1679 1211 1789 1252 intc-

371 1290 495 1332 grum
526 1279 592 1320 his
621 1280 685 1321 uti
715 1280 894 1322 vocibus
916 1312 927 1334 ‚
961 1294 983 1323 e
1016 1281 1150 1324 nihilo
1188 1286 1278 1335 est,
1311 1295 1399 1324 non
1440 1282 1520 1324 fuit
1566 1286 1791 1337 antequam

370 1349 638 1403 gigneretur,
669 1351 926 1394 vocabulum
941 1365 1016 1393 non
1031 1353 1135 1405 sacti
1152 1358 1233 1395 etc.
1253 1355 1569 1408 cogitaverunt,
1594 1358 1666 1407 ut,
1693 1365 1791 1395 cum

371 1420 488 1475 apud
510 1421 789 1476 simpliciores
809 1423 962 1465 Filium
979 1423 1140 1466 factum
1160 1437 1249 1467 esse
1275 1425 1446 1479 dicunt,
1478 1425 1623 1467 eadem
1645 1438 1791 1467 rursus

370 1492 439 1534 illa
469 1493 704 1547 significent
724 1494 960 1549 vocabula,
994 1509 1171 1550 nempe,
1205 1509 1254 1538 ex
1275 1497 1408 1538 nihilo
1438 1501 1525 1549 est,
1560 1497 1788 1552 aliquando

369 1565 573 1606 nonfuit.
598 1584 614 1601 »
651 1565 745 1617 Quo
776 1567 819 1608 in
849 1566 947 1608 loco
980 1567 1172 1621 quamvis
1201 1580 1289 1610 non
1317 1567 1481 1610 disertis
1504 1568 1644 1610 verbis
1676 1568 1786 1610 dicat

374 1655 391 1671 «ι
408 1637 504 1678 Non
524 1635 681 1678 factum
704 1650 889 1679 unumne
909 1650 961 1680 an
985 1637 1106 1680 duo?
1126 1658 1142 1674 »
1178 1651 1257 1693 pro
1295 1657 1310 1674 κ
1335 1639 1575 1693 Antequam
1597 1640 1788 1693 gignere—

368 1711 439 1748 tur
470 1720 559 1749 non
588 1713 678 1750 erat
694 1728 710 1745 »
747 1721 835 1751 6556
857 1709 1157 1761 substitutum,
1190 1713 1330 1750 tamen
1352 1709 1574 1763 probabile
1594 1713 1656 1751 est
1676 1713 1789 1751 certe

365 1779 487 1821 illum
520 1779 604 1821 hoc
634 1781 836 1822 voluisse.
873 1781 1006 1835 Atqui
1037 1785 1204 1822 constat
1225 1781 1408 1822 formula
1438 1782 1688 1833 non-sactum
1717 1781 1787 1823 vel

370 1853 567 1901 ἀγένητον,
601 1855 649 1892 ut
684 1864 730 1893 ea
758 1865 867 1906 quae
891 1851 979 1907 jam
1010 1852 1191 1894 diximus
1214 1853 1303 1894 aliis
1322 1852 1461 1894 verbis
1492 1853 1752 1907 proferamus
1772 1883 1784 1905 ,

367 1922 454 1965 hoc
485 1923 638 1976 innui,
692 1924 815 1965 «Nisi
855 1923 942 1966 duo
974 1924 1058 1966 sint
1090 1923 1303 1976 non—sacta
1333 1924 1400 1966 vel
1438 1923 1526 1978 dii,
1573 1924 1784 1975 Christus,

369 1998 521 2049 utpote
560 1995 699 2036 factus
748 1996 836 2037 sive
874 1996 1041 2050 genitus
1065 2029 1076 2050 ,
1119 1995 1287 2037 initium
1334 1994 1462 2037 habet
1499 1994 1729 2047 existendi3
1766 2015 1781 2031 υ

367 2064 414 2106 id
447 2065 568 2120 quod
610 2065 866 2120 ipsissimum
894 2071 958 2108 est
989 2071 1286 2121 argumentum
1317 2065 1448 2119 illud,
1487 2065 1605 2121 quod
1645 2066 1787 2108 verbis

370 2137 651 2192 «Antequam
682 2139 927 2192 gigneretur
961 2151 1048 2180 non
1081 2143 1172 2180 erat
1191 2158 1234 2192 υ,
1268 2152 1347 2181 nos
1382 2138 1635 2192 assignatum
1658 2138 1785 2180 volu-

364 2220 475 2250 mus.
511 2209 735 2252 Caeterum
761 2209 1079 2252 distinctionem
1104 2210 1220 2252 illam
1254 2211 1364 2252 inter
1399 2213 1570 2262 ἀγένητον
1607 2213 1649 2252 et
1682 2213 1787 2261 ἀγέν-

366 2297 495 2330 νητον,
530 2281 583 2323 de
616 2294 702 2336 qua
734 2281 930 2336 loquitur
953 2282 1307 2323 Montefalconius
1329 2282 1371 2323 in
1393 2282 1692 2324 Admonitionc
1713 2295 1788 2324 sua

364 2353 410 2394 in
441 2353 674 2408 Epistolam
705 2354 754 2393 de
774 2355 893 2393 Decr.
928 2356 1041 2404 Nic„
1078 2365 1102 2394 a
1134 2355 1393 2394 Damasceno
1428 2357 1643 2407 notatam,
1679 2353 1786 2395 mihi

363 2438 453 2467 non
487 2425 731 2480 persuaderi
764 2429 907 2480 potest
928 2438 1016 2467 esse
1036 2437 1231 2467 coaevam
1258 2425 1486 2468 Athanasio
1501 2438 1513 2478 ;
1530 2449 1590 2456 —
1606 2425 1680 2467 sed
1702 2425 1786 2468 hoc

365 2497 521 2539 obiter.

453 2570 496 2610 4.
532 2570 755 2610 Praeterea
791 2567 969 2610 dubium
1000 2581 1088 2610 non
1121 2572 1184 2610 est
1220 2569 1323 2622 quin
1362 2587 1378 2603 «
1401 2569 1496 2609 Non
1526 2571 1615 2609 erat
1646 2568 1785 2622 prius-

363 2652 490 2693 quam
509 2639 751 2693 gigneretur
767 2659 782 2675 »
805 2639 919 2694 apud
941 2639 1217 2681 Athanasium
1235 2639 1348 2682 idem
1370 2639 1506 2680 valeat
1527 2642 1656 2694 atque
1676 2639 1784 2680 alte-

361 2723 459 2751 rum
490 2711 596 2753 illud
628 2730 644 2746 «ι
669 2711 750 2763 Qui
783 2716 866 2763 est,
900 2723 1076 2764 eumne,
1111 2711 1185 2766 qui
1215 2709 1408 2753 nondum
1441 2713 1572 2762 esset,
1603 2709 1706 2751 fecit
1733 2722 1784 2750 ex

361 2780 522 2836 nihilo,
555 2795 609 2824 an
645 2782 718 2838 qui
750 2782 890 2825 essct?
911 2802 926 2819 ι»
963 2781 1130 2824 Scilicet
1153 2781 1272 2837 quod
1298 2780 1441 2823 Ariani
1467 2784 1618 2822 contra
1634 2779 1784 2822 Filium

1939 2955 1943 2972 ί
