1988 3366
800 170 1006 210 *5-

200 247 243 288 in
266 247 356 299 illo,
383 248 561 290 coeteris
580 248 679 290 licet
697 248 893 293 breviore
906 282 918 302 ‚
945 252 1098 294 vocula
1119 253 1396 300 celeberrima
1417 262 1610 310 ὀμοούσιον

200 321 264 359 ter
296 319 529 373 reperitur,
563 319 650 362 vid.
681 323 740 372 55.
774 322 848 374 10,
884 323 951 364 12.
994 327 1038 365 at
1069 323 1246 367 eandem
1278 327 1322 369 in
1358 329 1494 372 tribus
1528 331 1614 374 illis

200 389 373 430 omnino
406 401 494 431 non
525 402 747 433 occurrere
781 392 1007 436 dicendum
1046 399 1131 448 est,
1167 408 1263 438 cum
1287 399 1500 442 solitarius
1534 402 1613 443 iste

197 459 317 501 locus
335 490 346 512 ‚
379 462 491 501 Orat.
516 473 549 502 1.
574 463 617 503 9.
641 463 715 517 qui
736 475 829 505 eam
851 465 1063 520 continet,
1089 467 1276 522 symboli
1297 470 1510 524 quandam
1530 473 1614 516 fert

197 531 403 586 speciem,
430 537 478 574 ut
503 546 553 575 ex
582 533 675 588 ipso
705 534 802 576 loco
837 535 1084 589 intelligitur
1101 570 1113 592 ,
1154 551 1292 594 neque
1315 541 1360 582 in
1393 544 1614 598 propriam

197 602 413 645 Athanasii
431 604 759 660 disputationem
769 606 897 649 cadit.
910 608 1080 663 Contra,
1090 609 1267 652 verbum
1282 611 1390 654 illud
1403 615 1613 658 omittitur

198 673 426 727 aliquando
442 676 486 717 in
504 676 775 718 Orationibus
792 677 930 720 tribus
944 709 955 731 ,
987 679 1064 721 ubi
1083 679 1179 734 Jure
1204 687 1349 736 posset
1368 686 1515 738 quaeri
1539 688 1610 739 (l).

196 744 354 786 Deinde
384 746 429 787 in
462 747 575 788 Orat.
600 759 658 797 11,
685 749 756 801 78,
786 749 858 802 79,
887 750 959 791 80.
983 753 1033 791 ut
1064 751 1108 792 in
1140 754 1253 794 Gent.
1292 756 1349 796 40
1381 759 1424 797 et
1446 757 1518 798 46.
1541 759 1612 798 In-

196 830 307 857 carn.
337 819 382 857 V.
406 819 461 858 D.
489 818 561 859 20.
593 819 648 859 ad
664 820 805 872 Serap.
831 832 904 874 1v,
931 822 1003 863 20.
1036 822 1214 866 verbum
1252 828 1458 879 αὐτοσοφία
1490 841 1612 884 repe-

196 888 328 941 ritur3
359 893 402 930 at
428 889 473 931 in
500 894 651 943 quarta
683 891 939 945 reprobatur
971 893 1108 947 idem,
1139 896 1316 939 Petavio
1341 897 1510 953 judice,
1538 902 1613 953 (de

200 961 309 999 Trin.
333 972 402 1013 VI,
433 961 526 1011 ll.)
551 965 599 1001 ut
617 960 913 1004 sabellianum.
941 965 1046 1006 Tum
1069 965 1154 1008 hoc
1173 979 1346 1023 quoque
1363 982 1386 1011 e
1408 971 1613 1014 minutio-

196 1029 315 1071 ribus
332 1030 458 1071 rebus
479 1030 533 1072 ad
562 1043 647 1073 rem
674 1037 860 1075 nostram
891 1034 1014 1088 facit,
1037 1036 1154 1090 quod
1177 1042 1263 1080 tres
1295 1039 1415 1094 illae,
1437 1042 1481 1083 in
1503 1043 1610 1084 San-

196 1102 378 1143 ctissima
413 1103 613 1144 Trinitate
648 1103 943 1157 praedicanda,
980 1107 1263 1151 illustratione
1295 1112 1358 1153 uti
1388 1112 1529 1154 solent
1559 1125 1610 1156 ex

194 1171 287 1213 luce
305 1177 345 1214 et
362 1172 452 1227 ejus
470 1173 737 1216 irradiatione
750 1175 993 1230 desumpta;
1006 1183 1157 1232 quarta
1174 1192 1293 1233 vero,
1314 1181 1444 1223 modo
1463 1182 1608 1236 ignem

196 1255 283 1285 non
305 1244 463 1296 lucem,
491 1244 621 1286 modo
641 1245 782 1300 ignem
801 1251 843 1287 et
865 1247 1003 1289 lucem
1025 1248 1206 1292 inducit.
1233 1252 1470 1306 Depravato
1495 1253 1610 1296 deni-

196 1326 279 1369 que
310 1319 427 1356 textu
456 1315 559 1358 haec
585 1317 770 1370 graviter
798 1318 992 1370 laborat3
1020 1319 1117 1362 illae
1141 1333 1229 1364 non
1259 1322 1471 1366 laborant.

284 1387 326 1427 3.
360 1386 582 1440 Profecto,
615 1391 664 1428 ut
688 1392 808 1430 antea
836 1388 998 1432 dictum
1027 1395 1117 1444 est,
1149 1393 1275 1435 etiam
1295 1394 1380 1436 hoc
1408 1395 1453 1437 in
1475 1408 1608 1452 quae-

194 1456 374 1498 stionem
395 1458 511 1498 venit
527 1490 538 1510 ,
563 1470 617 1499 an
638 1459 749 1504 forte
771 1460 992 1513 portiones
1011 1462 1157 1504 saltem
1182 1464 1345 1519 aliquae
1360 1465 1488 1520 hujus
1508 1467 1611 1510 libri

195 1527 427 1581 fragmenta
453 1530 535 1570 sint
562 1530 857 1572 tantummodo
884 1530 1102 1586 cujusdam
1122 1535 1264 1588 operis
1279 1565 1292 1588 ‚
1322 1536 1390 1578 vel
1419 1537 1610 1591 plurium

199 1610 397 1653 operum3
418 1600 483 1641 vel
498 1601 670 1643 notulae
683 1601 876 1644 rudiores
893 1603 1033 1645 subita
1044 1617 1171 1647 manu
1189 1606 1356 1661 scriptis
1369 1608 1606 1665 mandatae,

196 1675 325 1724 prout
351 1671 482 1713 menti
501 1677 795 1726 occurrerent3
824 1674 890 1715 vel
910 1675 1046 1729 capita
1065 1679 1476 1733 controversiarum3
1502 1693 1609 1735 quae

198 1753 318 1783 casus
340 1754 479 1783 rerum
500 1746 657 1784 temere
670 1743 715 1784 in
731 1756 863 1786 unum
885 1746 1098 1788 cumulum
1122 1750 1394 1802 congesserit.
1417 1752 1610 1805 Peregri-

196 1824 297 1852 num
318 1813 490 1855 omnino
512 1814 784 1868 opusculum,
803 1814 914 1856 forte
932 1828 1020 1858 non
1037 1817 1277 1872 Athanasii,
1296 1820 1403 1862 illud
1421 1823 1470 1862 de
1485 1823 1606 1864 Sabb.

196 1887 235 1923 et
259 1885 450 1924 circumc.
475 1896 778 1939 nonnunquam
799 1886 843 1927 in
872 1887 1058 1930 medium
1083 1888 1196 1932 hunc
1219 1890 1378 1933 librum
1401 1892 1610 1936 intrusum

192 1951 280 2007 jam
311 1953 516 2007 diximus;
556 1960 796 2010 praeterea,
827 1958 963 2012 (quod
981 1961 1206 2015 praecipue
1227 1961 1280 2004 ad
1306 1975 1396 2004 rem
1418 1969 1609 2008 nostram

198 2024 321 2077 facit)
349 2024 462 2067 idem
482 2026 731 2080 opusculum
758 2040 804 2069 re
825 2028 918 2082 ipsa
945 2032 1212 2074 consociatur
1239 2045 1336 2075 cum
1368 2033 1607 2088 fragmento

198 2095 386 2150 quodam
402 2096 613 2150 Epistolae
629 2098 678 2138 de
695 2099 812 2139 Decr.
837 2103 879 2140 et
897 2100 1092 2143 Tractatu
1112 2103 1162 2143 In
1178 2105 1286 2144 illud
1310 2110 1439 2146 omnia
1455 2136 1467 2159 ‚
1486 2108 1609 2161 quasi

195 2171 334 2210 totum
364 2166 488 2222 quid,
513 2179 768 2222 quamquam
786 2169 891 2211 nihil
912 2182 1008 2213 cum
1029 2171 1111 2214 illis
1137 2173 1268 2216 habet
1294 2187 1532 2230 commune,
1563 2179 1608 2221 in

195 2238 323 2280 codd.
344 2238 561 2292 omnibus,
580 2243 756 2294 excepto
773 2253 877 2293 uno,
896 2253 1005 2296 quos
1020 2250 1256 2288 memorant
1273 2248 1467 2290 Maurini.
1487 2250 1609 2292 Alte-

195 2321 290 2350 rum
307 2308 544 2363 exemplum
569 2310 756 2352 cernitur
775 2310 820 2353 in
842 2312 1038 2355 Sermone
1054 2314 1212 2369 Majore
1235 2318 1284 2357 cle
1311 2319 1435 2370 Fide,
1462 2319 1538 2374 qui
1564 2320 1610 2363 in

195 2379 511 2422 Montefalconii
528 2383 640 2422 Nova
660 2383 891 2424 collectione
908 2383 1046 2426 editus
1064 2390 1143 2439 est,
1162 2388 1235 2442 qui
1250 2391 1389 2430 autem
1403 2390 1474 2431 vix
1494 2390 1610 2434 aliud

263 2519 311 2561 (Ι)
333 2520 406 2553 Vid.
428 2521 707 2570 ἀλλοτριοοόσιος
733 2524 821 2556 Orat.
852 2534 874 2565 l,
897 2530 935 2558 20
960 2527 1082 2574 ὁμοίας
1111 2527 1233 2570 οὐσίας
1257 2527 1402 2570 ibid.2l,
1419 2534 1469 2563 26.
1486 2539 1534 2571 ΙΙΙ,
1555 2535 1607 2564 26.

197 2580 363 2627 ὀμογεντίς
378 2606 387 2622 ,
411 2590 434 2621 1,
458 2586 508 2615 56.
532 2583 687 2631 ὁμοφυής
723 2583 804 2616 ibid.
828 2589 878 2617 58.
903 2585 953 2618 Cf.
977 2585 1017 2618 de
1038 2587 1114 2628 Syn.
1141 2591 1171 2620 5.
1205 2587 1260 2620 ubi
1286 2589 1479 2636 o‘paeozou'mov
1502 2599 1610 2631 repro·

195 2639 260 2671 bat.
283 2639 334 2673 Cf.
356 2640 435 2673 item
457 2644 682 2682 argumentum
695 2667 704 2683 ‚
729 2651 792 2675 non
816 2643 858 2676 ad
881 2645 1268 2689 consubstantialitatem,
1301 2649 1358 2681 sed
1379 2649 1421 2682 ad
1443 2651 1612 2684 aeternita-

196 2694 296 2725 tatem
317 2693 391 2726 Filii
410 2703 430 2726 a
450 2703 530 2727 voce
551 2697 646 2733 εἰκών
669 2696 822 2737 ductum,
845 2699 935 2731 Orat.
956 2703 985 2739 ι,
1016 2704 1055 2732 20
1082 2707 1159 2732 cum
1186 2700 1244 2733 illo
1269 2701 1310 2733 ab
1333 2701 1446 2736 eadem
1468 2702 1510 2735 ad
1531 2710 1607 2735 con-

196 2751 521 2796 substantialitatem,
545 2756 585 2790 dc
606 2757 740 2791 Decret.
765 2762 817 2798 20,
842 2758 874 2791 et
892 2762 945 2792 23.
963 2760 1058 2800 Greg.
1078 2761 1155 2793 Naz.
1179 2761 1278 2794 orac.
1295 2765 1346 2794 36.
