1950 3340
947 200 1183 242 -64-

352 295 483 339 quam
516 282 713 326 omnibus
735 282 923 326 numeris
940 283 1186 326 absolutum
1202 283 1438 327 aestimant.
1456 284 1680 329 Praeterea
1700 285 1780 328 Hi-

350 355 482 399 larius
498 355 543 397 in
558 358 724 409 Fraym.
737 368 790 409 11,
804 357 877 399 27.
894 368 992 398 cum
1010 356 1112 398 velit
1126 355 1477 398 Anathematismi
1499 356 1628 400 verba
1647 357 1780 400 latine

350 432 515 470 vertere
531 459 543 481 ‚
581 446 597 462 «ι
617 440 667 469 ex
687 428 821 469 altera
851 427 1084 470 substantia
1109 430 1177 469 vet
1204 429 1405 469 essentia»
1441 428 1607 471 scribit.
1645 427 1776 484 Cujus

350 500 486 542 simile
513 500 693 542 fortasse
719 505 782 542 est
807 499 915 542 illud
937 499 1107 542 Eusebii
1137 500 1182 542 in
1211 500 1402 556 Epistola
1430 513 1506 543 sua
1527 533 1539 554 ,
1578 519 1595 536 «
1615 513 1666 542 ex
1696 500 1780 542 alia

349 571 571 628 hypostasi
601 577 641 613 et
670 575 760 613 usia
783 591 799 608 „
826 584 866 613 c.
892 573 935 614 7.

437 645 555 686 Haeo
585 645 670 686 sint
699 643 919 698 praeludia
949 642 1183 698 quaedam,
1225 655 1408 698 namque
1437 643 1714 696 Athanasius,
1734 643 1778 684 in

347 715 535 770 Epistola
556 728 630 757 sua
650 717 706 756 ad
720 715 853 768 Afros,
875 715 928 758 ad
944 727 1096 757 vocem
1117 716 1253 770 ipsam
1271 727 1403 770 paene
1425 714 1706 758 definiendam
1722 727 1773 756 ex

348 787 575 842 proposito
606 786 880 842 aggreditur3
929 805 945 822 α
970 789 1205 840 Hypostasis
1235 791 1299 829 est
1327 789 1440 841 usia,
1474 800 1613 842 neque
1655 787 1779 829 aliam

347 859 478 901 habet
506 858 881 912 significationem,
921 871 1048 914 quam
1087 859 1172 901 hoc
1200 859 1343 914 ipsum
1379 859 1500 915 quod
1529 863 1606 901 est.
1646 857 1777 911 Quod

348 932 582 973 Hieremias
601 935 730 973 vocat
745 931 1036 984 existentiam,
1062 943 1160 973 cum
1181 930 1284 973 dicit
1299 935 1382 973 etc.
1407 950 1424 968 »
1459 931 1546 983 §.4.
1573 930 1777 982 Quamvis

346 1008 487 1045 autem
508 1003 611 1045 alibi
629 1003 826 1058 loquitur
846 1002 899 1046 de
926 1002 1067 1045 tribus
1089 1003 1381 1056 hypostasibus,
1410 1002 1526 1045 aliud
1546 1001 1655 1045 illud
1676 1006 1740 1044 est
1759 1014 1772 1055 ;

346 1087 445 1118 nam
471 1075 572 1130 quia
593 1075 814 1128 hypostasis
827 1106 839 1129 ,
871 1075 1082 1117 numerali
1102 1074 1256 1118 diserte
1279 1074 1424 1118 addito
1439 1105 1451 1128 ,
1478 1074 1570 1116 vult
1581 1087 1770 1128 persona,

347 1159 436 1188 non
462 1145 562 1188 inde
592 1146 800 1189 continuo
826 1146 1102 1201 perspicuum
1125 1150 1188 1188 est
1207 1145 1312 1201 quid
1333 1150 1426 1188 tum
1446 1145 1550 1187 velit
1567 1175 1579 1198 ,
1612 1157 1711 1187 cum
1731 1144 1776 1187 in

345 1219 547 1273 singulari
574 1222 658 1260 stat
685 1222 728 1260 et
757 1219 804 1260 in
823 1218 908 1261 alio
934 1218 1168 1261 verborum
1198 1221 1400 1260 contextu
1427 1217 1652 1272 reperitur.
1683 1216 1775 1270 Ego

345 1291 432 1333 hoc
465 1290 730 1333 verissimum
760 1302 849 1333 esse
882 1294 990 1345 puto
1008 1322 1020 1344 ,
1055 1289 1229 1346 quando
1259 1290 1392 1332 trium
1421 1287 1581 1331 mentio
1608 1290 1672 1329 est
1700 1287 1778 1339 hy-

336 1366 558 1416 postasium
572 1394 585 1414 ‚
633 1363 865 1416 hypostasin
894 1374 1123 1417 personam
1151 1361 1260 1404 velle
1282 1374 1294 1415 3
1327 1360 1404 1403 sed
1432 1361 1477 1403 in
1516 1358 1777 1401 Anathema-

343 1435 472 1477 tismo
494 1435 676 1477 Nicaeno
698 1446 789 1476 non
811 1434 993 1488 legimus
1022 1437 1146 1475 «tres
1172 1433 1422 1486 hypostases,
1454 1450 1470 1467 υ
1506 1430 1582 1474 sed
1607 1448 1623 1466 «ι
1645 1431 1776 1482 hypo-

343 1508 466 1548 stasin
484 1507 551 1548 vel
579 1510 732 1560 usiam;
755 1525 772 1542 »
796 1504 1162 1560 quemadmodum
1196 1508 1339 1547 autem
1366 1502 1623 1546 Athanasius
1637 1532 1649 1554 ,
1670 1501 1773 1543 alibi

345 1578 398 1620 de
416 1577 556 1620 tribus
578 1578 853 1631 hypostasibus
873 1576 1067 1630 locutus,
1091 1580 1234 1619 tamen
1259 1577 1486 1629 hypostasin
1506 1574 1550 1615 in
1573 1571 1776 1626 singulari

349 1654 564 1705 sumptam
582 1653 710 1691 usiam
726 1649 1034 1704 interpretatur
1053 1647 1170 1700 (vid.
1193 1660 1232 1690 e.
1253 1659 1297 1702 g.
1325 1648 1437 1688 Orat.
1457 1657 1538 1698 111,
1561 1645 1634 1686 66.
1658 1644 1772 1698 1v,l.

344 1721 377 1762 f.
403 1722 456 1762 33
466 1722 573 1773 fin.)
599 1721 660 1762 ita
682 1721 831 1763 Patres
855 1732 1030 1775 quoque
1062 1719 1236 1762 Nicaeni
1252 1750 1264 1772 ,
1305 1716 1594 1773 «hypostasin
1613 1734 1630 1752 ι»
1669 1727 1776 1771 pro-

345 1792 525 1835 ferentes
556 1795 599 1834 et
626 1793 756 1833 usiam
798 1790 1072 1845 adjicientes,
1113 1790 1322 1833 voeabula
1351 1788 1438 1832 duo
1470 1788 1583 1830 inter
1616 1799 1660 1830 se
1687 1798 1776 1828 non

346 1865 547 1920 opposita
566 1896 578 1918 ,
612 1863 688 1906 sed
718 1863 915 1919 apposita
947 1863 1193 1906 voluerunt.

434 1937 530 1978 Non
567 1936 707 1978 minus
743 1939 888 1990 aperte
904 1965 917 1988 ,
966 1947 1045 1977 nec
1083 1935 1248 1976 minore
1284 1931 1540 1975 auctoritate
1580 1929 1776 1985 loquitur

347 2009 662 2063 Hieronymus:
714 2009 860 2049 «Tota
901 2006 1180 2049 saecularium
1218 2004 1456 2047 litterarum
1492 2001 1640 2044 schola
1667 1998 1777 2042 nihil

345 2080 462 2123 aliud
491 2081 731 2133 hypostasim
759 2078 843 2121 nisi
878 2080 1008 2119 usiam
1038 2078 1175 2120 novit.
1209 2078 1291 2130 Ep.
1326 2089 1402 2129 xv,
1436 2076 1479 2116 4.
1513 2072 1626 2126 Quid
1655 2069 1776 2126 quod

346 2152 401 2195 de
423 2152 561 2194 tribus
579 2153 853 2205 hypostasibus
871 2150 1106 2206 disputans,
1127 2148 1326 2191 liberiora
1345 2147 1448 2189 haee
1467 2144 1648 2200 profert,
1668 2153 1776 2197 quae

344 2237 434 2266 non
457 2223 706 2279 protulisset
725 2223 891 2278 utique,
912 2223 948 2264 si
967 2221 1168 2264 Patribus
1187 2219 1381 2262 Nicaenis
1400 2219 1619 2271 hypostasis
1643 2232 1659 2249 «
1676 2225 1776 2269 per-

346 2308 452 2339 sona
471 2316 487 2333 »
523 2295 750 2338 sonuisset.
790 2313 807 2330 «
830 2295 871 2337 Si
883 2293 1066 2350 jubetis,
1099 2291 1307 2335 condatur
1328 2303 1430 2332 hova
1445 2293 1535 2342 post
1551 2286 1777 2329 Nicaenam

345 2367 482 2422 fides;
516 2371 558 2411 et
588 2367 798 2410 similibus
828 2366 972 2409 verbis
1002 2376 1100 2408 cum
1130 2364 1295 2407 Arianis
1317 2360 1599 2405 confiteamur
1622 2356 1776 2399 ortho-

346 2439 462 2482 doxi.
483 2459 499 2476 υ
535 2439 657 2482 Certe
679 2439 715 2481 si
735 2438 912 2481 Basilius
939 2436 1108 2480 validus
1127 2440 1190 2479 est
1208 2435 1328 2478 testis
1346 2446 1397 2476 ex
1417 2445 1501 2475 una
1518 2434 1657 2487 parte,
1685 2441 1775 2471 non

343 2512 483 2553 minus
514 2523 565 2553 ex
591 2511 722 2553 altera
738 2510 880 2565 gravis
910 2509 1164 2552 Athanasius
1180 2539 1192 2562 ,
1213 2507 1440 2550 vehemens
1469 2504 1773 2557 Hieronymus,

432 2582 613 2624 Basilius
635 2593 770 2637 porro
792 2612 806 2635 ,
838 2592 927 2623 non
961 2579 1238 2623 Caesariensis
1254 2609 1266 2633 ,
1296 2576 1374 2620 sed
1404 2574 1703 2618 Semi-arianus
1725 2584 1775 2614 ex

344 2653 534 2709 Ancyra,
560 2657 603 2696 et
623 2653 694 2696 alii
717 2650 809 2708 ejus
831 2651 1108 2708 congregales
1121 2682 1134 2705 ,
1165 2649 1281 2693 idem
1301 2650 1512 2703 testantur
1529 2643 1646 2700 apud
1671 2643 1775 2698 Epi-

346 2725 553 2780 phanium
579 2739 590 2766 t
655 2744 671 2761 α
704 2726 824 2767 Hanc
867 2725 1098 2778 hypostasin
1139 2724 1287 2766 Patres
1331 2722 1461 2761 usiam
1494 2719 1721 2760 vocarunt.
1753 2733 1771 2751 υ

344 2797 472 2838 Haer.
499 2798 572 2852 73,
605 2797 656 2839 12
679 2795 756 2840 fin.
781 2796 859 2840 Cui
881 2795 1144 2852 suffragatur
1174 2792 1384 2839 confessio
1414 2790 1487 2835 illa
1517 2800 1647 2846 quam
1673 2786 1775 2843 Epi-
