1950 3340
725 213 782 219 .-
813 190 867 231 ⁴27
900 212 959 221 -.

135 286 358 331 perperam
387 273 560 330 quidem
580 303 592 327 ,
625 272 850 316 formulam
882 271 1118 315 istiusmodi
1154 277 1300 324 μείωσιν
1339 269 1548 325 quandam

135 347 289 389 inferre
319 346 364 388 in
395 346 616 388 notionem
649 345 742 386 Dei.

221 419 316 459 Jam
345 416 508 458 Arianis
543 420 656 457 certe
685 416 998 457 usitatissimum
1027 414 1136 467 fuit,
1179 426 1231 456 eo
1267 414 1437 455 nominc
1466 423 1549 465 po-

136 488 289 530 stulare
322 489 546 528 homousion
562 519 574 540 ,
623 487 742 541 quasi
758 519 771 540 ,
814 486 1114 528 Gnosticorum
1135 489 1178 527 et
1207 483 1550 527 Manichaeorum

136 571 280 610 more,
314 557 655 599 immaterialitati
683 556 849 598 divinae
879 556 1078 611 injuriam
1104 556 1270 598 fecerit.

222 630 274 670 Et
305 629 556 683 Dionysium
594 627 868 669 Alexandriae
907 628 1166 682 Episcopum
1206 629 1372 668 constat
1407 623 1547 678 primo

135 700 348 742 horruisse
377 700 638 754 aliquantum
659 699 744 741 hoc
766 699 1022 741 vocabulum
1043 729 1054 750 ,
1087 703 1179 740 tum
1210 698 1348 740 solum
1368 695 1549 738 fidenter

134 771 241 813 illud
263 772 555 813 enunciantem
572 801 583 822 ,
617 775 659 812 et
687 770 956 812 confitentem
971 802 982 822 ,
1005 783 1100 811 cum
1125 781 1221 811 eum
1244 767 1441 811 Pontifex
1461 767 1551 809 Ro-

135 854 280 884 manus
306 841 359 885 ad
388 841 434 884 id
459 842 655 884 hortatus
679 846 802 883 esset.

224 914 369 967 Neque
399 912 506 954 illud
540 912 820 954 omittendum
848 916 910 954 est
929 943 940 965 ,
976 911 1095 967 quod
1119 913 1230 954 circa
1249 911 1363 953 idem
1383 915 1550 963 tempus

137 996 234 1025 cum
264 983 527 1026 habebantur
549 983 737 1025 Concilia
766 983 1015 1025 Antiochiae
1039 988 1188 1025 contra
1205 983 1384 1025 Paulum
1398 1012 1410 1035 ,
1431 981 1550 1023 illam

139 1054 254 1096 orbis
267 1055 523 1096 Christianae
544 1059 705 1108 partem
727 1055 936 1096 invaserat
963 1055 1305 1097 Manichaeorum
1335 1053 1517 1095 haeresis
1537 1066 1548 1104 3

137 1137 271 1179 quae,
304 1129 454 1180 utpote
483 1125 613 1167 verbo
633 1127 857 1166 homousion
888 1139 963 1168 usa
983 1127 1029 1167 in
1047 1126 1263 1179 theologia
1284 1137 1384 1178 sua,
1422 1123 1552 1178 idque

138 1196 338 1238 materiali
365 1208 489 1237 sensu
510 1227 522 1249 ,
556 1208 643 1237 non
673 1196 883 1238 immerito
918 1197 1115 1239 Patribus
1134 1201 1294 1239 metum
1315 1197 1550 1246 incuteret,

138 1279 192 1307 ne
225 1279 336 1320 vox,
368 1267 413 1308 in
442 1279 486 1308 se
516 1267 772 1309 sanctissima
794 1272 836 1309 et
859 1267 1187 1322 praeclarissima
1205 1300 1217 1322 ,
1251 1268 1327 1309 illo
1359 1271 1555 1320 tempore

139 1337 355 1380 catholico
391 1337 579 1391 dogmati
614 1332 766 1393 parum
795 1343 900 1380 esset
931 1339 1172 1394 profutura.

230 1410 281 1461 (5)
315 1409 478 1460 Quibus
493 1411 740 1463 perspectis,
757 1409 932 1452 forsitan
951 1410 1139 1465 expediri
1154 1411 1310 1465 poterit
1325 1410 1397 1451 ille
1417 1408 1556 1451 nodus

138 1480 182 1520 in
213 1479 389 1521 historia
411 1482 583 1522 Patrum
612 1481 974 1522 Antiochenorum
992 1513 1004 1534 ,
1038 1481 1158 1536 quod
1177 1481 1431 1523 Athanasius
1445 1513 1457 1533 ,
1479 1481 1558 1521 Ba·

140 1551 255 1593 silius
271 1583 282 1602 ,
319 1552 524 1606 Hilarius,
554 1564 636 1595 una
671 1554 978 1594 consentientes
1010 1553 1063 1595 de
1092 1553 1225 1595 verbo
1253 1554 1476 1594 homousion
1501 1549 1555 1592 ab

139 1622 219 1663 illis
248 1622 446 1665 Patribus
475 1622 720 1677 improbato
739 1655 749 1675 ,
790 1636 920 1678 quare
953 1624 1241 1678 improbatum
1262 1623 1392 1664 fuerit
1411 1653 1423 1674 ,
1445 1622 1558 1663 inter

140 1705 184 1734 se
201 1705 288 1735 non
303 1695 586 1736 consentiunt.
606 1694 793 1747 Scilicet,
810 1707 906 1735 cum
927 1697 1017 1735 usia
1032 1727 1044 1747 ,
1079 1700 1129 1736 ut
1153 1708 1178 1737 a
1198 1695 1372 1737 Petavio
1397 1693 1558 1735 dictum

141 1768 229 1818 est,
265 1766 313 1805 de
345 1767 532 1818 Trin.1v,
563 1768 600 1807 1.
622 1766 668 1806 in
688 1766 1045 1820 philosophorum
1075 1766 1245 1820 scholis,
1280 1764 1400 1820 quod
1417 1776 1551 1806 unum

141 1839 203 1876 est
220 1839 262 1876 et
280 1835 560 1889 individuum,
584 1841 687 1878 tunc
715 1836 922 1891 temporis
943 1837 1221 1891 significaret,
1255 1840 1438 1890 cognata
1468 1848 1552 1876 vox

141 1907 366 1947 homousion
381 1937 393 1959 ,
431 1906 484 1948 de
522 1907 786 1949 sanctissima
814 1908 1015 1949 Trinitate
1053 1912 1254 1963 usurpata
1269 1941 1280 1962 ,
1314 1908 1396 1949 illis
1428 1907 1502 1960 qui
1533 1919 1557 1948 a

142 1976 357 2030 theologia
395 1990 468 2020 sua
491 1978 692 2032 mysteria
714 1977 1017 2032 excludebant,
1055 1979 1302 2021 alterutrum
1334 1978 1386 2020 de
1406 1978 1474 2019 his
1492 1989 1557 2018 er-

143 2046 312 2090 roribus
342 2060 486 2090 secum
516 2048 625 2090 ferre
654 2048 892 2090 videbatur.
938 2050 1043 2091 Nam
1064 2050 1099 2091 si
1123 2050 1301 2092 verbum
1332 2048 1439 2091 illud
1459 2061 1555 2090 ma—

143 2118 286 2159 teriale
315 2119 420 2174 quid
448 2120 675 2172 innueret,
707 2119 754 2161 id
774 2118 861 2173 jam
889 2119 1070 2163 haeresis
1113 2126 1230 2173 crat3
1273 2121 1308 2162 si
1340 2132 1441 2162 vero
1474 2120 1556 2160 im-

143 2189 358 2231 materiale
377 2220 389 2242 ,
421 2191 623 2232 continuo
646 2189 740 2232 fieri
759 2203 846 2232 non
866 2195 1034 2246 poterat
1049 2223 1061 2244 ,
1095 2192 1199 2246 quin
1229 2192 1302 2234 illa
1321 2191 1407 2234 duo
1428 2190 1555 2245 plane

143 2263 296 2312 essent,
311 2273 399 2303 non
414 2261 501 2304 duo
522 2262 749 2315 ullatenUS,
769 2261 844 2304 sed
861 2263 1106 2317 simpliciter
1118 2275 1264 2305 unum.
1279 2262 1417 2314 Quare
1429 2261 1559 2314 signi-

145 2329 290 2373 ficaret
309 2335 382 2374 aut
400 2333 536 2374 Patris
566 2337 731 2387 partem
756 2335 876 2386 (μέρος
898 2338 1112 2387 banasam-2)
1138 2347 1226 2376 esse
1246 2334 1397 2376 Filium
1411 2363 1422 2385 ‚
1448 2333 1556 2374 sicut

145 2401 343 2444 volebant
369 2403 628 2457 Manichaei,
665 2408 739 2446 aut
768 2406 932 2448 Patrem
961 2419 1050 2448 esse
1080 2406 1231 2447 Filium
1248 2436 1259 2458 ,
1292 2406 1400 2447 sicut
1416 2403 1561 2445 Sabel-

143 2472 261 2515 liani.
294 2474 450 2516 Paulus
479 2475 610 2529 igitur
638 2477 681 2517 in
712 2477 859 2518 Patres
889 2477 1137 2519 Antiochiae
1164 2480 1445 2531 congregatos
1475 2475 1559 2516 hoc

146 2543 235 2586 fere
262 2557 363 2588 usus
391 2549 454 2588 est
484 2546 756 2590 dilemmate:
797 2566 812 2582 a
832 2548 919 2590 Nisi
955 2548 1211 2590 vocabulum
1238 2552 1427 2590 vestrum
1462 2548 1557 2588 Ma-

147 2615 421 2659 nichaeorum
449 2622 512 2659 est
531 2648 543 2670 ,
577 2617 697 2672 quod
720 2630 797 2660 vos
827 2620 989 2673 negatis
1004 2650 1016 2672 ,
1052 2624 1165 2662 certe
1196 2618 1559 2661 sabellianismum

148 2691 270 2728 sonat
289 2718 300 2740 ,
338 2686 383 2730 id
415 2687 534 2742 quod
573 2701 652 2744 ego
690 2689 873 2732 libenter
902 2691 1114 2745 suscipi03
1143 2710 1159 2725 »
1189 2689 1303 2732 unde
1333 2694 1374 2732 et
1412 2700 1559 2730 verum

148 2757 252 2812 erit,
277 2758 395 2813 quod
417 2759 668 2804 Athanasius
690 2765 860 2815 narrat,
886 2761 1066 2805 Paulum
1095 2760 1272 2805 dixisse:
1301 2780 1316 2796 «ι
1341 2761 1383 2803 Si
1400 2762 1561 2802 hommi-
