1950 3340
788 176 1030 217 ..49-

199 282 216 299 u
239 263 334 316 Quo
356 265 484 318 pacto
509 271 598 303 non
632 263 695 302 est
725 236 913 313 creat‘us,
947 260 1029 300 nisi
1058 261 1146 299 erat
1174 260 1403 312 antequam
1424 257 1620 312 gignere-

193 340 280 387 tur,
302 353 318 370 u
345 332 437 385 sed,
469 351 484 367 «
504 332 599 384 Quo
615 334 744 386 pacto
768 343 856 372 non
880 335 943 372 est
959 333 1149 382 creatus,
1168 332 1203 368 si
1222 330 1385 370 illorum
1407 342 1622 382 arqumen-

194 411 277 447 mm
315 417 453 446 verum
492 408 573 455 est,
618 415 707 444 non
742 406 833 444 erat
862 406 1090 456 antequam
1123 401 1368 455 gigneretur
1384 399 1406 441 ’ἶ
1423 420 1439 435 ι»
1474 401 1622 455 Neque

193 475 295 518 alibi
331 477 444 516 Orat.
470 486 504 527 1,
531 474 602 514 20.
641 485 738 515 cum
769 473 902 526 dicit,
941 473 1018 514 «Si
1045 484 1134 514 non
1173 471 1302 514 fuerit
1341 472 1472 514 Filius
1504 477 1622 514 ante-

192 558 321 601 quam
343 546 612 599 gigneretur,
634 555 723 584 non
752 555 918 598 semper
946 543 1030 585 fuit
1056 543 1102 584 in
1124 543 1217 584 Deo
1249 543 1404 584 veritas
1420 575 1432 596 ‚
1454 562 1470 578 „
1499 544 1618 598 vult,

192 629 281 658 non
316 634 332 651 α
354 619 442 658 Nisi
466 615 595 656 fuerit
629 627 675 656 re
701 634 717 650 υ
765 614 841 656 sed
889 616 968 655 «Si
994 627 1129 655 verum
1159 615 1214 654 sit
1242 615 1373 666 illud,
1413 615 1508 655 Non
1539 614 1622 656 fuit

191 688 322 729 Filius
339 706 354 722 »ι
379 690 462 728 ete.
479 687 645 740 Itaque,
669 698 757 727 non
774 685 910 728 multo
931 684 1159 741 postjdem
1175 684 1276 726 dicit
1290 684 1343 726 de
1361 685 1450 726 Deo
1469 686 1616 739 Patre,

192 771 281 813 quo
316 757 563 800 vanissimos
597 756 811 811 sophistas
839 769 918 798 suo
950 756 1029 798 sibi
1059 755 1204 810 gladio
1233 754 1426 810 jugulet,
1456 775 1472 790 α
1492 758 1620 798 Estne

192 831 304 872 Deus
323 831 448 871 etiam
466 829 717 883 priusquam
738 827 960 882 gignitur?
981 846 996 862 »
1027 839 1114 869 non
1136 831 1250 869 certe
1274 828 1398 881 quasi
1419 827 1465 869 in
1494 829 1622 869 Patre

192 902 322 943 ullam
349 899 558 954 significet
589 900 929 953 generationem,
953 898 1028 940 sed
1052 910 1140 952 quo
1160 903 1456 952 argumentum
1478 898 1620 952 ipsum

193 977 241 1014 ut
270 972 576 1026 ineptissimum
606 970 833 1025 explodat,
870 970 959 1012 sive
998 969 1051 1011 de
1082 971 1206 1012 Patre
1243 974 1497 1024 usurpatum
1534 970 1621 1012 sive

194 1043 248 1085 de
285 1044 411 1085 Filio.

283 1116 326 1156 7.
360 1115 413 1155 Et
443 1113 640 1168 profecto
677 1112 981 1167 ineptissimam
1020 1117 1062 1154 et
1095 1113 1499 1167 importunissimam
1530 1124 1620 1153 esse

192 1187 300 1227 hanc
320 1185 718 1239 interrogationem,
740 1196 829 1225 non
855 1184 1099 1238 simpliciter
1118 1196 1244 1225 verae
1267 1183 1435 1226 cuidam
1454 1195 1621 1238 propo-

191 1258 336 1300 sitioni
355 1256 630 1307 contrariam,
653 1255 892 1309 plenissime
915 1269 1012 1297 cum
1035 1256 1269 1298 Athanasio
1289 1256 1617 1307 consentientes,

187 1329 382 1384 judicant
410 1333 452 1370 et
482 1327 670 1369 Hilarius
701 1330 744 1367 et
775 1327 1006 1380 Gregorius
1036 1328 1332 1369 Nazianzenus.
1370 1329 1540 1369 Missam
1562 1327 1622 1368 sa-

191 1401 331 1452 ciunt,
366 1411 494 1454 quam
523 1410 700 1453 prorsus
730 1410 782 1439 ne
815 1398 999 1452 proferri
1032 1398 1205 1453 quidem
1236 1403 1471 1454 oporteret.
1509 1400 1620 1440 Gre-

191 1472 338 1526 gorius
368 1471 528 1512 seilicet
557 1470 610 1512 de
637 1469 716 1511 hac
736 1473 778 1511 et
803 1469 894 1511 aliis
916 1470 1171 1511 Arianorum
1190 1469 1387 1511 formulis
1408 1471 1590 1524 loquens
1607 1500 1619 1522 ,

191 1544 234 1585 in
253 1542 359 1584 Filio
384 1541 526 1595 docet,
555 1559 571 1576 «
593 1541 820 1582 Generatio
846 1553 944 1582 oum
965 1542 1142 1582 essentia
1163 1542 1255 1595 ipsa
1276 1546 1477 1583 concurrit
1493 1546 1621 1596 atque

193 1627 218 1656 a
247 1613 459 1669 principio
491 1612 672 1665 exstitit3
706 1631 721 1646 »
758 1610 878 1666 quod
909 1616 1057 1654 contra
1085 1611 1134 1654 fit
1163 1612 1208 1654 in
1238 1612 1485 1655 hominibus
1501 1643 1512 1665 ,
1546 1614 1623 1667 qui

192 1684 365 1739 quidem
379 1715 390 1737 ,
422 1703 437 1718 «
454 1687 502 1725 ut
515 1684 617 1725 Levi
632 1684 677 1724 in
699 1683 856 1725 lumbis
872 1683 1085 1737 Abrahae,
1109 1703 1124 1719 »
1150 1697 1248 1726 cum
1276 1685 1463 1740 «partim
1481 1689 1620 1738 erant,

191 1756 349 1810 partim
372 1755 586 1809 procreati
610 1758 733 1807 sunt,
766 1766 814 1796 ae
844 1753 1026 1809 proinde
1047 1756 1202 1810 partim
1224 1760 1323 1798 sunt
1354 1769 1404 1798 ex
1428 1756 1619 1809 entibus,

191 1826 349 1881 partim
370 1838 420 1867 ex
437 1837 526 1866 non
541 1824 710 1867 entibus
723 1855 736 1878 ,
755 1844 770 1860 »
797 1825 906 1867 illud
927 1825 1088 1868 seilicet
1110 1827 1326 1882 complent
1351 1846 1368 1863 α
1384 1829 1480 1870 Fuit
1501 1832 1622 1870 ante-

192 1908 323 1951 quam
334 1896 594 1951 gigneretur3
610 1914 626 1930 ι»
649 1895 768 1949 quod
786 1896 932 1938 Bullus
944 1909 1031 1938 non
1045 1897 1088 1938 in
1101 1897 1346 1940 hominibus
1363 1899 1438 1941 sed
1453 1899 1499 1941 in
1513 1899 1620 1941 Filio

192 1969 271 2010 Dei
293 1967 377 2010 dici
404 1979 531 2022 posse
555 1967 802 2009 arbitratur.
827 1969 972 2022 Pergit
996 1967 1048 2010 de
1067 1968 1215 2011 eadem
1233 1982 1279 2011 re
1297 1981 1477 2024 magnus
1498 1970 1623 2012 theo-

193 2039 338 2093 logus:
378 2057 394 2073 «
415 2038 711 2090 Quaestionem
743 2038 854 2080 hanc
883 2043 1000 2080 tuam
1031 2041 1287 2081 absurditatis
1309 2041 1518 2095 multum,
1543 2042 1622 2094 clis-

181 2112 377 2162 flcultatis
399 2109 505 2151 nihil
524 2109 679 2151 habere
702 2109 784 2151 ai0.
810 2130 825 2146 υ
854 2111 960 2152 Tum
982 2111 1252 2165 captionibus
1271 2112 1501 2154 verborum
1521 2114 1620 2167 qui-

193 2179 373 2222 busdam
407 2180 500 2222 aliis
531 2179 713 2234 prolatis
744 2192 850 2235 quae
881 2193 978 2223 cum
1009 2181 1164 2224 Ariana
1192 2182 1264 2224 illa
1293 2186 1468 2237 possent
1498 2196 1620 2225 com-

193 2251 358 2305 parari,
403 2269 419 2286 «
442 2252 624 2303 Ineptius
644 2255 708 2292 est
733 2270 748 2286 »
786 2251 909 2305 dicit,
949 2251 1024 2295 «id
1054 2251 1173 2306 quod
1204 2265 1229 2294 a
1258 2254 1468 2308 principio
1500 2258 1590 2295 erat
1607 2286 1620 2308 ,

192 2326 328 2362 utrum
357 2326 454 2363 ante
495 2323 810 2375 generationem
853 2326 960 2364 esset
999 2325 1093 2375 (πρὸ
1125 2333 1188 2367 τῆς
1228 2327 1442 2377 γεννήσεως)
1473 2337 1616 2377 necne,

197 2393 242 2434 in
272 2393 563 2447 quaestionem
593 2394 754 2435 vocari.
779 2412 794 2429 »
833 2394 952 2436 Orat.
982 2395 1055 2448 29,
1074 2397 1118 2438 9.

284 2464 328 2504 8.
364 2463 573 2506 Hilarium
602 2464 741 2506 fateor
771 2465 1063 2507 Pictavensem
1081 2466 1126 2508 in
1144 2467 1458 2509 Commentario
1482 2479 1559 2509 suo
1579 2467 1624 2508 in

196 2533 460 2576 Matthaeum
482 2547 522 2577 c.
543 2536 614 2576 31.
638 2548 683 2577 n.
703 2537 746 2577 3.
770 2535 902 2578 verba
924 2536 1135 2591 quaedam
1165 2538 1349 2580 emisisse
1372 2550 1478 2592 quae
1498 2538 1622 2580 Bullo

195 2603 337 2646 favere
366 2604 609 2648 videantur.
643 2607 780 2648 Docet
810 2607 922 2649 enim
952 2609 1148 2662 egregius
1177 2609 1249 2652 ille
1285 2609 1441 2652 vindex
1475 2609 1624 2652 catho-

196 2673 301 2716 licae
330 2674 546 2729 veritatis,
577 2694 594 2711 «
617 2676 806 2719 Verbum
836 2678 880 2719 in
907 2679 1119 2734 principio
1139 2681 1276 2723 Deum
1295 2711 1308 2734 ,
1333 2685 1376 2723 et
1396 2681 1480 2723 hoe
1502 2682 1624 2736 prin-

197 2743 310 2800 cipio
339 2744 453 2801 apud
481 2746 638 2799 Deum,
678 2751 722 2790 et
751 2751 899 2791 natum
927 2761 1016 2792 esse
1047 2763 1099 2793 ex
1129 2763 1181 2793 eo
1212 2751 1288 2807 qui
1318 2756 1434 2806 erat,
1467 2756 1511 2795 et
1539 2752 1625 2794 hoc

519 2824 538 2831 χ’
1443 2829 1466 2862 4
