1950 3340
667 543 1289 599 DISSERTATIO
1344 543 1434 594 IV.

564 721 618 749 DE
650 718 832 749 VOCIBUS
864 707 899 750 ἕξ
931 709 1051 757 ἑτέρας
1084 706 1314 746 ὑποστάσεως
1347 699 1365 743 ἦ
1399 703 1523 742 οὐσίας

747 787 1124 820 ANATHEMATISMI
1134 772 1337 817 xxTNICAENI
1345 807 1354 816 .

821 915 1279 953 ωωίἒὲἤέἓὲἓῶέἱέω

339 1080 620 1177 Ambigitur
649 1126 761 1167 inter
790 1125 967 1179 doctos,
1001 1130 1170 1178 utrum,
1204 1135 1301 1167 eum
1322 1125 1469 1166 Patres
1487 1119 1662 1163 Nicaeni
1688 1131 1762 1161 eos

338 1195 605 1238 anathemate
633 1196 788 1239 feriunt
824 1215 839 1231 «
863 1197 937 1253 qui
967 1197 1045 1239 Dei
1075 1197 1229 1239 Filium
1260 1208 1310 1238 ex
1341 1194 1422 1238 alia
1459 1194 1657 1247 hypostasi
1693 1190 1761 1232 vel

339 1271 425 1309 usia
456 1279 545 1310 esse
575 1268 806 1322 sentirent,
834 1288 849 1303 »
876 1267 1084 1311 vocabula
1103 1269 1322 1322 hypostasis
1343 1270 1384 1308 et
1409 1268 1498 1307 usia
1524 1275 1614 1305 rem
1633 1273 1762 1304 unam

337 1337 580 1392 significent
614 1352 668 1382 an
698 1339 819 1382 duas.
864 1340 914 1382 In
956 1340 1036 1382 hae
1076 1339 1320 1382 diversitate
1347 1336 1636 1392 judiciorum,
1665 1332 1761 1388 jure

338 1410 504 1465 optimo
522 1411 623 1454 licet
642 1412 688 1454 in
707 1411 817 1454 hanc
839 1411 906 1454 vel
919 1412 966 1453 in
980 1411 1100 1454 illam
1121 1411 1174 1452 iri
1193 1409 1462 1461 sententiam,
1483 1418 1581 1449 cum
1597 1409 1760 1447 utram-

337 1494 421 1536 que
448 1482 682 1524 sustineant
718 1483 777 1536 ii,
821 1495 930 1538 quos
959 1482 1172 1524 neminem
1211 1482 1256 1523 in
1299 1477 1546 1535 hujusmodi
1582 1475 1757 1518 materie

337 1559 528 1596 secutum
557 1566 645 1596 esse
675 1553 924 1610 poenitebit.
960 1554 1002 1596 Si
1031 1555 1259 1607 hypostasin
1291 1551 1489 1594 volumus
1511 1547 1565 1590 ab
1586 1550 1674 1588 usia
1694 1545 1760 1588 di—

336 1627 534 1669 stinctam
548 1658 560 1678 ‚
586 1626 756 1668 Bullum
778 1625 984 1669 habemus
1006 1630 1251 1678 auctorem3
1276 1624 1311 1666 si
1332 1620 1540 1665 voeabula
1560 1620 1604 1661 in
1627 1629 1760 1661 unum

335 1697 531 1751 redacta,
565 1698 799 1740 Petavium.
838 1699 928 1753 Ego
959 1697 1154 1753 profecto
1187 1695 1407 1739 Petavium
1436 1703 1594 1747 sequor
1616 1721 1628 1744 ‚
1661 1688 1761 1730 felix

335 1774 456 1813 tanto
478 1770 717 1825 patrocinio
736 1801 748 1823 ,
772 1769 981 1813 adductus
1009 1773 1149 1812 autem
1171 1781 1261 1811 non
1286 1766 1535 1809 auctoritate
1550 1761 1661 1815 viri,
1686 1759 1761 1802 sed

334 1842 429 1896 ipso
458 1841 669 1884 factorum
695 1842 863 1884 monitu
879 1872 892 1894 ‚
930 1846 978 1883 ut
1007 1840 1193 1883 arbitror
1210 1870 1222 1893 ‚
1255 1843 1298 1881 et
1327 1837 1389 1881 rei
1418 1836 1608 1879 veritate.

423 1912 593 1968 Bullus,
618 1914 662 1955 in
680 1913 934 1955 Defensione
956 1925 1030 1955 sua
1047 1911 1166 1955 Fidei
1186 1911 1414 1962 Nicaenae‚
1433 1905 1585 1959 credit,
1605 1904 1641 1947 si
1663 1914 1760 1945 eum

334 1988 449 2027 recte
466 1985 726 2040 interpretor
743 2016 755 2038 ‚
779 1984 885 2027 duas
901 1985 1122 2037 notiones,
1141 1983 1253 2025 inter
1277 1994 1321 2024 se
1339 1978 1545 2036 sejunctas
1557 2009 1568 2031 ,
1591 1975 1760 2019 subesse

335 2055 513 2110 singulis
546 2055 766 2098 vocabulis
795 2059 904 2097 usiae
926 2060 969 2098 et
991 2057 1191 2108 hypostasi
1222 2054 1266 2095 in
1289 2053 1368 2095 hac
1394 2049 1606 2101 formula;
1641 2046 1762 2102 quasi

335 2127 709 2170 anathematismus
724 2127 795 2169 ille
809 2158 820 2180 ‚
845 2128 892 2170 in
915 2139 1002 2182 quo
1021 2126 1291 2182 reperiuntur
1304 2157 1316 2178 ‚
1341 2123 1446 2166 duas
1463 2121 1657 2163 haereses
1672 2129 1760 2160 uno

331 2200 420 2241 ictu
442 2199 596 2241 feriens
610 2230 621 2252 ‚
654 2203 696 2242 et
715 2199 812 2241 illos
835 2198 1090 2241 condemnet
1123 2197 1199 2253 qui
1231 2195 1411 2238 dixerint
1433 2193 1587 2235 Filium
1606 2203 1655 2232 ex
1673 2191 1762 2229 usia

335 2271 469 2312 Patris
493 2283 580 2313 non
615 2283 728 2324 esse,
762 2274 804 2312 et
837 2270 934 2312 illos
965 2281 1139 2325 quoque
1174 2267 1331 2323 quihus
1370 2263 1575 2320 placuerit
1609 2260 1761 2303 Filium

334 2353 422 2383 non
444 2354 533 2384 esse
566 2355 616 2384 ex
638 2343 838 2396 hypostasi
859 2342 1014 2384 Patris.
1041 2342 1094 2383 Et
1115 2343 1335 2395 praeterea
1357 2336 1462 2379 duas
1489 2345 1636 2376 revera
1658 2331 1761 2373 hae-

334 2414 563 2455 reticorum
601 2413 834 2467 factiones,
881 2413 926 2454 in
963 2411 1143 2455 historia
1169 2415 1415 2464 temporum
1445 2406 1646 2456 illorum,
1680 2401 1762 2444 sibi

333 2485 540 2526 invenisse
562 2489 713 2539 putat,
754 2497 862 2539 quae
891 2495 1015 2526 suum
1046 2487 1227 2538 utraque
1249 2481 1393 2523 locum
1413 2477 1597 2520 habeant
1617 2475 1661 2516 in
1683 2472 1759 2515 illo

335 2556 716 2599 Anathematismo.

424 2628 617 2670 Petavius
640 2632 812 2681 contra,
836 2629 884 2668 de
906 2630 1016 2668 Tria.
1033 2639 1095 2680 ιν,
1124 2628 1161 2667 l.
1188 2623 1416 2677 hypostasin
1437 2625 1539 2662 tuno
1559 2615 1762 2672 temporis

334 2698 445 2740 idem
490 2699 596 2741 velle
641 2704 769 2755 atquo
797 2703 924 2740 usiam
968 2697 1223 2750 arbitratuS‚
1259 2695 1303 2736 in
1341 2705 1424 2735 una
1465 2688 1761 2746 propositione

334 2770 680 2814 Anathematismi
713 2775 894 2813 montem
921 2769 1047 2812 docet
1079 2780 1167 2810 esse
1202 2764 1470 2816 conclusam3
1508 2773 1559 2803 eo
1581 2759 1760 2803 maxime
