1950 3340
979 202 1038 212 .-
1069 181 1123 224 44
1155 204 1213 212 .-

383 268 477 309 tum
501 278 554 308 ex
582 267 779 320 absurdo,
811 264 930 322 quod
958 271 1142 321 vocant,
1174 265 1468 322 desumptum3
1501 278 1598 310 cum
1629 279 1680 310 ex
1709 267 1802 323 ipsa

385 338 431 381 vi
460 339 655 382 vocabuli
684 343 838 393 qenitus
868 338 1019 382 confici
1055 338 1278 382 crederent
1294 370 1306 393 ,
1347 338 1559 382 Christum
1596 339 1801 383 existendi

384 409 552 453 initium
593 411 807 454 habuisse.
850 410 1166 454 Confirmabant
1200 410 1310 452 enim
1351 411 1502 466 (quasi
1538 411 1584 453 id
1622 411 1802 454 inficiari

385 493 631 537 quenquam
657 481 743 537 jam
773 482 904 524 fuerit
929 482 1033 537 ipsis
1070 482 1209 524 verbis
1238 482 1321 524 sibi
1350 481 1616 537 discrepare)
1649 483 1802 526 Filium

384 564 473 595 non
489 553 695 595 exstitisse
707 553 957 608 priusquam
972 553 1218 607 gigneretur
1230 566 1242 606 ;
1259 552 1419 608 alioqui
1433 566 1520 595 non
1531 558 1640 596 esset
1652 554 1799 596 Filius.

472 624 599 676 Quod
627 625 804 667 interest
831 624 942 667 inter
972 624 1292 679 explicationem
1319 624 1430 667 hanc
1454 628 1497 666 et
1524 625 1641 667 illam
1662 625 1799 678 Bulli,

384 695 430 736 in
460 694 546 738 hoc
576 696 782 750 vertitur3
804 719 864 727 ——
885 699 1030 738 utrum
1049 695 1179 738 verba
1195 696 1300 750 ista,
1336 714 1352 732 «
1379 695 1626 751 priusquam
1645 696 1797 750 gigne-

385 770 504 808 retur
531 779 621 808 non
650 771 742 809 erat
758 797 769 819 ,
799 786 816 804 ι»
850 767 937 810 sint
965 767 1141 822 simplex
1170 767 1411 822 propositio
1442 768 1712 822 categorica,
1747 780 1801 811 an

385 842 706 891 argumentum3
726 838 810 880 sint
830 838 1000 893 negatio
1017 838 1327 894 propositionis
1346 839 1385 880 ei
1405 839 1657 894 contrariae,
1679 858 1694 874 «ι
1711 843 1803 881 erat

385 909 632 964 priusquam
649 909 916 964 gigneretur,
937 929 954 945 ι»
988 909 1034 952 id
1056 910 1175 965 quod
1196 910 1319 952 Bullo
1342 910 1526 966 placuit3
1554 923 1608 952 an
1627 911 1772 966 potius
1785 941 1797 965 ,

383 984 434 1022 ut
455 980 580 1023 nobis
607 980 799 1035 videtur,
833 987 952 1034 γνώμη
985 980 1213 1036 quaedam,
1237 993 1363 1036 quam
1385 982 1632 1024 Aristoteles
1652 986 1798 1036 vocat,

385 1053 664 1105 ἐνθυμηματικὴ,
706 1052 946 1108 propositio
983 1052 1190 1095 rationem
1218 1063 1338 1094 suam
1369 1063 1511 1094 secum
1543 1051 1714 1106 ferens,
1755 1053 1802 1095 in

384 1134 472 1178 qua
488 1154 500 1177 ,
542 1127 783 1178 assumpta,
824 1135 911 1165 non
954 1123 1184 1177 affirmata,
1223 1123 1459 1165 contrariae
1493 1124 1802 1179 propositionis

385 1195 592 1249 vanitate,
632 1198 746 1238 recta
773 1195 992 1250 impetitur
1019 1195 1098 1237 alia
1127 1193 1334 1250 quaedam
1350 1225 1362 1248 ,
1390 1206 1540 1250 nempe
1563 1195 1717 1238 Filium
1747 1195 1801 1237 ab

384 1267 632 1309 aeternitate
662 1267 881 1310 exstitisse.
913 1266 1152 1309 Arbitratur
1182 1269 1332 1309 contra
1356 1265 1504 1309 Bullus
1519 1297 1532 1320 ‚
1571 1271 1615 1309 et
1643 1267 1803 1310 Catho-

384 1337 490 1379 licos
523 1341 566 1379 et
596 1338 775 1380 Arianos
805 1338 961 1394 apertis
985 1338 1119 1380 oculis
1148 1338 1459 1393 contemplatos
1481 1350 1570 1380 esse
1600 1339 1802 1394 proposi-

382 1408 545 1451 tionem
565 1408 676 1452 hanc
688 1442 700 1464 ,
739 1427 755 1445 α
775 1410 979 1452 exstitisse
993 1410 1148 1452 Filium
1167 1414 1393 1464 antequam
1413 1410 1684 1464 gigneretur3
1704 1429 1720 1447 υ
1750 1410 1803 1454 de

386 1480 468 1523 hac
500 1485 715 1523 certamen
740 1481 851 1523 inter
880 1492 924 1523 se
951 1481 1206 1523 instituisse:
1240 1492 1410 1535 negasse
1432 1482 1636 1535 Arianos,
1660 1486 1702 1524 et
1723 1482 1802 1524 Ca-

384 1550 570 1594 tholicos
584 1585 596 1607 ,
631 1555 705 1594 aut
735 1551 988 1605 affirmasse,
1021 1556 1095 1594 aut
1123 1552 1271 1595 saltem
1308 1553 1556 1608 permisisse.
1599 1553 1799 1596 Profecto

386 1635 439 1665 ne
469 1635 602 1666 unum
633 1623 805 1679 quidem
827 1623 1094 1666 Catholicum
1115 1624 1254 1666 virum
1280 1636 1468 1680 unquam
1499 1637 1591 1667 eam
1620 1625 1803 1667 emisisse

384 1694 637 1737 sententiam
667 1707 755 1737 non
785 1694 988 1750 dixerim;
1021 1694 1251 1738 affirmasse
1279 1699 1420 1738 autem
1451 1695 1626 1738 eandem
1655 1697 1802 1738 Patres

384 1766 592 1809 Nicaenos
624 1779 800 1822 prorsus
832 1779 960 1823 nego.

481 1840 519 1880 1.
554 1838 742 1881 Primum
764 1838 1098 1894 percurrendum
1128 1839 1210 1882 erit
1238 1838 1293 1882 ad
1315 1839 1540 1894 pristinum
1574 1837 1681 1882 illud
1706 1836 1800 1894 jur-

383 1910 526 1964 gium,
552 1910 672 1966 quod
689 1915 929 1955 nascentem
952 1911 1142 1954 haeresin
1172 1911 1357 1966 primum
1380 1910 1588 1953 Ecclesiae
1613 1914 1801 1952 ostenta-

381 1981 472 2035 bat,
497 1986 545 2025 ut
571 1995 596 2025 a
619 1983 790 2026 Socrate
810 1987 1028 2026 narratum
1048 1987 1127 2026 est.
1148 1985 1341 2026 Testatur
1369 1982 1481 2024 enim
1507 1982 1690 2036 scriptor
1710 1981 1798 2034 ille,

383 2053 695 2109 Alexandrum,
723 2055 776 2098 de
805 2055 1009 2111 mysterio
1029 2055 1317 2097 Sanctissimae
1336 2053 1547 2096 Trinitatis
1567 2053 1679 2095 inter
1700 2064 1801 2095 suos

383 2124 698 2180 disputantem,
720 2127 1008 2182 interpellasse
1033 2127 1183 2169 Arium
1199 2157 1211 2179 ‚
1244 2126 1320 2181 qui
1340 2125 1507 2168 fortiter
1529 2124 1714 2176 diceret,
1745 2124 1798 2175 (l)

381 2184 418 2226 si
448 2186 601 2228 Filium
626 2186 822 2241 genuerit
850 2189 999 2241 Pater,
1031 2198 1134 2241 ergo
1166 2187 1356 2241 genitum
1390 2184 1551 2227 habere
1592 2181 1798 2225 existendi

381 2255 577 2311 initium;
612 2258 664 2311 (2)
705 2269 808 2312 ergo
837 2258 966 2301 fuisse
997 2257 1171 2313 quando
1200 2257 1332 2299 Filius
1359 2256 1439 2298 Dei
1467 2267 1556 2298 non
1587 2258 1721 2308 esset;
1746 2254 1800 2306 (3)

381 2339 485 2382 ergo
505 2328 688 2371 eundem
707 2329 1018 2372 subsistentiam
1033 2341 1150 2372 suam
1167 2342 1219 2371 ex
1236 2328 1370 2371 nihilo
1394 2327 1565 2370 habere.
1590 2327 1796 2379 Socr.1,5.

381 2397 544 2450 Quibus
557 2413 581 2442 e
594 2401 809 2444 contrario
823 2401 1130 2444 collocabimus
1142 2398 1489 2443 Anathematismi
1498 2397 1668 2440 Nicaeni
1679 2396 1799 2438 clau-

380 2470 494 2513 sulas
513 2485 526 2526 ;
565 2491 581 2507 «
601 2473 705 2516 Illos
733 2486 836 2516 vero
868 2474 943 2529 qui
971 2472 1143 2526 dicunt,
1170 2474 1222 2525 (l)
1244 2471 1327 2514 fuit
1346 2468 1573 2526 aliquando
1594 2480 1692 2510 cum
1710 2479 1799 2509 non

379 2546 515 2596 esset,
545 2547 588 2586 et
615 2545 666 2598 (2)
693 2548 919 2600 antequam
940 2545 1184 2599 gigneretur
1203 2555 1292 2584 non
1314 2545 1425 2595 erat,
1451 2544 1494 2583 et
1517 2540 1568 2592 (3)
1593 2551 1644 2581 ex
1665 2538 1798 2581 nihilo

380 2611 518 2656 factus
545 2619 609 2658 est
639 2619 723 2659 etc.
746 2620 829 2660 etc.
855 2648 866 2658 .
890 2649 901 2659 .
923 2647 935 2671 ‚
963 2614 1286 2659 anathematizat
1301 2612 1531 2657 Catholica
1556 2610 1756 2653 Ecclesia.
1776 2627 1795 2646 ι»

380 2683 574 2736 Quorum
594 2699 692 2731 cum
722 2687 828 2732 duae
850 2687 1092 2744 plenissime
1121 2684 1409 2744 respondeant
1437 2682 1603 2727 duabus
1618 2681 1674 2725 ab
1693 2680 1799 2724 Ario

380 2756 424 2798 in
452 2757 738 2804 Alexandrum
772 2758 974 2817 conjectis
988 2790 1003 2817 ‚
1035 2759 1105 2805 cui
1124 2758 1304 2806 dubium
1330 2769 1420 2802 esse
1441 2758 1608 2813 potest,
1633 2753 1799 2798 tertiam
