1988 3366
953 195 1187 236 -ιο-

358 273 515 328 cipales
544 279 671 319 testes
695 276 947 332 opinionum
978 278 1178 322 Marcelli.
1211 280 1359 335 Neque
1389 280 1595 325 Eusebius
1614 283 1775 338 solum,

356 344 435 387 sed
461 347 628 402 aliquot
659 349 850 391 Concilia
879 350 1136 393 Arianorum
1165 351 1501 396 condemnarunt
1531 354 1747 398 hominem
1763 390 1774 411 ,

359 417 433 470 qui
452 448 464 470 ,
497 419 675 462 Romam
703 425 877 475 petens,
909 421 971 462 ibi
1001 421 1230 464 Athanasio
1254 425 1442 466 occurrit
1463 425 1575 467 circa
1587 428 1775 480 an.34l;

358 500 456 530 cum
489 494 667 545 uterque
688 493 858 546 praesul
887 505 911 534 a
931 492 1141 535 Pontifice
1169 493 1362 537 Concilio
1394 494 1542 539 habito
1571 496 1624 540 de
1653 499 1778 541 Aria-

357 571 510 602 norum
543 562 907 606 criminationibus
939 568 1145 619 purgatus
1170 570 1247 608 est.

445 633 653 687 Purgatus
676 639 739 677 est
759 636 914 678 iterum
930 640 1111 691 uterque
1132 636 1322 680 Concilio
1344 637 1582 682 Sardicensi
1598 642 1776 694 an.347;

355 702 408 744 ab
441 716 492 745 eo
523 709 666 748 tamen
696 707 790 761 ipso
822 711 1016 763 tempore
1035 739 1046 761 ‚
1079 700 1182 762 nisi,
1214 713 1265 751 ut
1293 709 1625 753 Montefalconio
1656 711 1779 755 vide-

355 778 453 828 tur,
497 775 551 817 ab
584 789 653 819 an.
690 779 828 820 336-8
868 781 992 830 (Νου.
1031 782 1132 822 Coll.
1167 793 1211 836 p.
1240 782 1328 833 Lu)
1352 782 1665 836 postulationes
1681 796 1776 838 eae,

354 857 462 898 quae
491 847 694 891 hactenus
725 849 779 892 ab
811 850 1066 893 Arianorum
1095 851 1281 894 factione
1311 853 1576 907 urgebantur
1596 854 1641 897 in
1667 855 1780 898 Mar-

354 917 529 970 cellum,
553 921 665 962 inter
688 922 923 964 catholicos
944 924 1070 966 etiam
1086 924 1456 966 circumferuntur.
1474 924 1658 980 Cyrillus
1679 927 1780 968 Hie-

353 989 686 1045 rosolymitanus
704 993 747 1035 in
761 994 1059 1037 Catechesibus
1072 995 1159 1037 suis
1176 1007 1246 1037 an.
1272 996 1373 1038 347.
1395 996 1657 1038 mentionem
1678 997 1780 1039 facit

353 1059 576 1105 haerescos
610 1076 796 1119 nuperae
828 1066 1071 1108 Galatarum
1088 1099 1100 1121 ,
1140 1078 1250 1121 quae
1282 1066 1438 1109 Christi
1477 1069 1780 1123 sempiternum

354 1143 535 1186 regnum
553 1141 753 1190 negaret;
786 1137 863 1179 ubi
883 1138 1131 1179 Marcellum
1157 1137 1336 1180 indicari
1365 1150 1389 1180 a
1412 1142 1556 1180 sancto
1581 1143 1749 1182 oratore
1764 1171 1775 1193 ‚

352 1207 395 1243 et
424 1205 541 1257 regio
572 1210 614 1248 et
638 1206 796 1261 dogma
819 1221 929 1263 quae
949 1209 1249 1263 nominantur,
1271 1208 1438 1264 liquido
1465 1209 1773 1253 demonstrant.

353 1274 562 1329 Cyrillum
585 1279 742 1334 excipit
763 1281 965 1323 Paulinus
984 1282 1029 1323 in
1048 1281 1239 1324 Concilio
1271 1281 1531 1335 Arelatensi;
1555 1283 1780 1325 Paulinum

351 1346 562 1402 Hilarius3
596 1350 671 1392 sed
702 1353 956 1395 Athanasius
973 1384 984 1405 ‚
1019 1357 1165 1395 cautus
1195 1353 1327 1395 homo
1350 1357 1392 1395 et
1417 1354 1779 1410 clemens,siquis

350 1417 454 1460 alius
476 1451 487 1472 ,
520 1421 719 1465 Marcello
748 1425 1044 1478 patrocinatur
1062 1437 1198 1481 usque
1221 1425 1275 1468 ad
1296 1426 1398 1467 circ.
1425 1438 1496 1468 an.
1521 1427 1622 1470 360.
1657 1427 1778 1470 Idem

349 1492 488 1533 tamen
509 1524 521 1545 ,
570 1494 788 1537 confessus
831 1495 1005 1538 tandem
1049 1497 1297 1539 Marcellum
1329 1509 1416 1539 non
1458 1497 1586 1552 longe
1634 1498 1779 1542 abesse

351 1561 405 1602 ab
435 1562 628 1618 haeresi,
669 1579 694 1608 a
730 1568 1054 1622 communione,
1097 1573 1147 1610 ut
1183 1568 1390 1611 traditum
1429 1573 1492 1611 est
1530 1568 1582 1611 ab
1613 1570 1776 1613 Hilario

350 1637 393 1674 et
431 1635 642 1690 Sulpicio,
685 1638 903 1681 hominem
932 1639 1167 1695 suspendit.
1200 1640 1353 1682 Narrat
1379 1640 1552 1695 insuper
1590 1641 1777 1684 Hilarius

353 1705 544 1758 (Fraqm.
567 1720 624 1761 11,
651 1710 700 1750 21
723 1712 734 1762 )
756 1710 978 1753 inductum
1001 1723 1089 1754 esse
1112 1711 1390 1754 Athanasium
1407 1716 1456 1753 ut
1478 1712 1563 1754 hoc
1590 1711 1774 1766 faceret,

350 1787 437 1817 non
469 1784 649 1833 propter
681 1793 790 1836 opus
820 1782 1004 1825 Marcelli
1035 1787 1187 1825 contra
1217 1783 1430 1825 Asterium
1449 1815 1461 1837 ,
1495 1783 1571 1826 sed
1601 1783 1658 1826 ob
1687 1783 1778 1839 ejus

350 1847 510 1902 scripta
540 1850 751 1904 quaedam
781 1854 1021 1908 posteriora
1052 1854 1243 1897 Concilio
1273 1853 1524 1897 Sardicensi.
1559 1855 1611 1897 Id
1638 1859 1778 1898 autem

349 1917 450 1961 fecit
489 1921 765 1977 Athanasius,
811 1938 910 1967 cum
945 1926 1155 1968 Photinus
1176 1957 1188 1980 ,
1232 1926 1468 1982 Episcopus
1513 1927 1746 1969 Sirmiensis
1762 1958 1773 1978 ‚

349 1991 426 2045 qui
458 1991 664 2036 haeresim
681 1995 771 2038 fere
788 1996 907 2039 illam
923 1997 1142 2052 Marcelli,
1163 1997 1359 2052 magistri
1381 1997 1448 2040 sui
1465 2028 1476 2050 ‚
1501 2001 1598 2040 ante
1613 1998 1775 2040 an.345

348 2062 570 2118 ediderat,
599 2064 689 2120 jam
719 2067 884 2122 aliquot
914 2081 1076 2123 annos,
1123 2068 1354 2111 Catholicis
1393 2072 1436 2110 et
1472 2068 1639 2110 Arianis
1668 2080 1775 2110 con-

348 2135 623 2179 sentientibus
650 2169 662 2191 ,
695 2151 720 2180 a
749 2138 848 2181 sede
886 2151 960 2182 sua
999 2139 1218 2196 depositus
1249 2144 1374 2182 esset.
1413 2138 1636 2182 Marcellus
1653 2170 1664 2192 ‚
1697 2151 1777 2194 per

347 2210 490 2250 totum
519 2208 769 2252 decennium
799 2223 824 2252 a
853 2212 1114 2254 sanctissimo
1145 2211 1340 2267 praesule
1371 2209 1638 2265 repudiatus,
1663 2223 1776 2265 quo-

349 2291 447 2322 cum
471 2284 538 2322 tot
565 2285 769 2336 tantaque
793 2281 847 2324 ab
870 2282 1036 2325 Arianis
1058 2283 1300 2339 pertulisset
1314 2313 1325 2335 ,
1341 2281 1511 2324 tandem
1533 2280 1588 2323 ab
1606 2281 1774 2334 eodem,

347 2353 477 2394 morti
492 2351 579 2406 jam
596 2353 794 2408 proximo
829 2356 1060 2408 (an.37l.)
1091 2355 1254 2397 leniore
1274 2353 1436 2409 judicio
1466 2353 1693 2408 excipitur,
1718 2352 1776 2395 ob

347 2435 439 2465 rem
477 2422 750 2479 hujusmodi:
785 2426 941 2469 Basilio
960 2426 1216 2469 Caesariensi
1230 2438 1327 2467 cum
1340 2424 1571 2467 Athanasio
1602 2423 1772 2478 agenti,

346 2499 395 2537 ut
422 2508 476 2537 ne
497 2496 654 2538 Galatis
672 2496 898 2550 benignius
914 2510 1032 2553 usus,
1052 2498 1115 2540 rei
1133 2495 1376 2540 Catholicae
1394 2507 1551 2538 noxam
1567 2494 1742 2537 inferret
1759 2525 1773 2547 ,

347 2572 579 2610 occurrunt
615 2568 786 2610 Galatae
802 2601 814 2622 ,
857 2569 994 2612 missis
1024 2569 1080 2611 ad
1117 2567 1415 2611 Alexandriam
1430 2597 1443 2620 ‚
1485 2565 1562 2621 qui
1603 2569 1776 2608 orarent

346 2650 515 2680 causam
527 2651 647 2681 suam
662 2670 674 2692 ,
697 2639 802 2695 quid
821 2644 961 2683 autem
983 2652 1131 2683 revera
1151 2639 1359 2682 senserint
1380 2637 1434 2680 de
1457 2637 1628 2680 Christo
1641 2668 1653 2691 ,
1685 2637 1774 2679 sine

347 2710 600 2766 ambagibus
621 2711 885 2767 expedirent.
909 2713 1148 2768 Eugenius,
1167 2712 1382 2755 Diaconus
1404 2709 1618 2752 Ecclesiae
1630 2709 1776 2766 Ancy-

345 2795 471 2826 ranae
485 2814 497 2836 ‚
525 2783 838 2826 confessionem
854 2785 1109 2828 catholicam
1133 2785 1175 2826 in
1199 2793 1374 2827 suorum
1396 2781 1572 2826 nomine
1594 2780 1655 2823 ibi
1675 2779 1776 2823 sub·
