1950 3340
931 183 1165 224 -20—

332 268 429 310 Hoc
449 279 552 309 vero
576 266 689 310 idem
712 265 820 308 illud
851 271 915 308 est
934 298 945 320 ,
980 267 1199 321 conceptis
1218 265 1359 308 verbis
1374 297 1386 320 ,
1412 265 1532 322 cujus
1554 267 1758 311 Eusebius

331 339 547 381 insimulat
563 338 834 391 Marcellum,
860 350 899 380 e.
925 350 968 391 g.
1006 340 1064 379 ἐπὶ
1087 339 1127 377 δὲ
1150 346 1216 378 τοῦ
1239 342 1346 390 λαγου
1367 369 1380 392 ,
1405 346 1622 391 σημαντικὸν
1645 343 1756 380 αὐτὸν

336 412 501 466 δίδωσι,
536 419 595 450 καὶ
622 409 751 464 ὅμοιον
775 420 823 461 τῷ
855 413 1070 463 ἀνθρωπίνῳ.
1094 423 1139 466 p.
1164 412 1260 452 118.
1285 410 1384 452 Vid.
1411 423 1585 465 quoque
1602 412 1756 466 p.128.

427 485 480 536 (3)
514 482 732 538 Reprobat
762 481 1018 523 Athanasius
1047 481 1155 523 illud
1184 482 1228 522 in
1257 481 1479 523 haereticis
1502 482 1586 523 suis
1608 512 1619 534 ,
1641 481 1761 536 quod

337 555 528 598 dicerent
550 555 593 595 in
618 555 777 596 Natura
806 553 959 594 Divina
978 553 1095 607 prius
1113 552 1239 595 fuisse
1262 552 1491 606 silentium,
1513 556 1605 594 tum
1620 553 1758 595 actio-

337 639 436 668 nem
468 625 716 681 quandam3
750 631 813 665 τὸν
836 631 944 676 Θεὸν,
980 634 1170 664 σιωπῶντα
1201 630 1261 678 μὲν
1293 627 1550 678 ἀνενὲργητον,
1582 629 1764 665 ’λαλοῦντα

343 699 383 737 δὲ
419 703 566 750 ἰσχύειν
599 700 709 738 αὐτὸν
741 699 947 749 βούλονται.
971 699 1010 748 S.
1041 698 1109 738 ll.
1133 696 1224 739 vid.
1243 697 1530 748 etiamS.12.
1556 698 1613 739 At
1633 699 1765 740 Euse-

339 770 435 812 bius
465 769 711 812 Marcellum
740 769 932 824 postulat
962 768 1015 810 de
1047 767 1226 822 eodem;
1265 774 1282 807 ὁ
1304 773 1411 821 λόγος
1444 770 1548 807 ἔνδον
1577 774 1690 822 μενων
1728 771 1764 808 ἐν

343 845 573 894 ἡσυχάζοντι
604 851 654 893 τῷ
687 848 818 894 πατρὶ,
851 843 1002 895 ἐνεργῶν
1035 840 1075 879 δὲ
1107 843 1141 879 ἐν
1175 851 1225 893 τῷ
1257 848 1321 884 τήν
1361 849 1477 881 κτίσιν
1519 843 1765 897 ὃημουργεῖν,

345 920 475 969 ὁμοίως
508 925 557 966 τῷ
588 918 768 967 ἡμετέρῳ,
802 916 837 953 ἔν
870 923 1031 953 σιωπῶσι
1061 918 1123 967 μὲν
1159 918 1412 967 ἡσυχάζει-ῆι,
1463 917 1496 953 ἐν
1530 916 1570 953 δὲ
1604 919 1764 967 φθεγγο-

345 992 462 1040 μένοις
496 989 715 1041 &asmo-sm.
749 999 798 1042 p.
821 985 867 1040 4,
891 984 935 1027 d.
961 985 1077 1027 Alibi
1107 986 1245 1028 innuit
1264 986 1470 1029 Eusebius
1499 999 1624 1042 posse
1644 987 1735 1029 fieri
1755 1017 1767 1040 ,

347 1063 398 1102 ut
419 1058 602 1102 artifices
623 1059 749 1100 etiam
770 1057 945 1099 humani
965 1061 1008 1098 et
1029 1057 1075 1098 in
1095 1057 1261 1099 silentio
1281 1058 1364 1100 sint
1384 1061 1426 1100 et
1447 1058 1491 1099 in
1514 1058 1679 1100 actione
1709 1059 1768 1100 si-

347 1131 466 1186 mul,
491 1132 658 1173 interna
689 1128 874 1184 quadam
894 1128 1047 1170 mentis
1071 1129 1346 1183 operatione,
1372 1141 1419 1184 p.
1435 1130 1513 1171 167
1530 1161 1541 1183 ,
1562 1128 1619 1183 b;
1656 1129 1769 1172 idem

349 1203 488 1245 innuit
518 1201 775 1244 Athanasius
803 1203 840 1253 S.
874 1202 943 1253 ll,
963 1198 1007 1241 d.

441 1275 493 1326 (4)
526 1274 623 1315 Non
653 1284 789 1327 pauca
818 1271 1011 1326 superius
1041 1270 1155 1312 dieta
1180 1275 1278 1313 sunt
1305 1270 1358 1313 de
1385 1274 1581 1324 πλατυσμῷ
1604 1271 1680 1313 illo
1704 1287 1774 1324 μο-

354 1345 466 1388 νάδος
497 1346 542 1386 in
572 1356 727 1397 carne,
762 1342 894 1396 idque
925 1344 1084 1395 ἐνεργείᾳ
1124 1342 1333 1396 quadam3
1371 1342 1459 1398 jam
1493 1344 1539 1384 in
1566 1343 1647 1385 hac
1680 1355 1774 1384 ma-

354 1417 459 1459 terie
489 1419 584 1458 tota
613 1419 676 1458 est
704 1426 789 1456 una
818 1426 918 1469 pars
952 1413 1053 1456 libri
1089 1426 1163 1456 seu
1194 1414 1408 1457 Orationis
1446 1419 1621 1470 quartae
1640 1447 1652 1469 ,
1690 1416 1772 1456 viz.

354 1491 413 1541 SS.
445 1489 514 1543 13,
542 1488 611 1540 14,
644 1487 716 1527 25.
753 1502 836 1537 φησι
875 1493 975 1540 γὰρ,
1020 1485 1124 1528 dicit
1163 1485 1451 1540 Athananius,
1487 1492 1503 1525 ὁ
1535 1494 1652 1540 πατὴρ
1682 1489 1776 1526 πλα-

357 1566 504 1601 τύνεται
537 1564 588 1602 εἰς
619 1562 698 1597 υἱὸν
739 1564 796 1596 καὶ
827 1566 964 1612 πνεῦμα
1008 1561 1046 1610 S.
1074 1558 1147 1598 25.
1182 1563 1236 1601 τίς
1268 1563 1286 1600 ἡ
1318 1561 1476 1611 ἐνέργεια
1508 1566 1572 1598 τοῦ
1605 1564 1776 1598 τοιούτου

358 1638 590 1685 vla-tunnam
625 1638 821 1683 φανήσεται
843 1636 860 1669 ὁ
883 1637 996 1684 πατὴρ
1018 1637 1079 1668 καὶ
1112 1637 1271 1682 γεγονὼς
1305 1634 1411 1683 σάρξ,
1435 1635 1510 1684 εἴγε
1535 1634 1641 1675 αὐτὸς
1663 1636 1774 1684 μονὰς

359 1703 402 1744 ὧν
436 1709 470 1744 ἐν
503 1714 551 1757 τῷ
583 1707 752 1757 ἀνθρώπῳ
785 1706 992 1746 ἔπλατύνθη.
1024 1705 1062 1755 S.
1096 1703 1162 1744 14,

452 1778 504 1829 (5)
535 1777 702 1829 Dogma
720 1774 828 1817 illud
849 1774 979 1817 Verbi
1003 1786 1028 1815 a
1047 1774 1139 1815 Deo
1158 1773 1426 1828 procedentis
1442 1804 1454 1827 ,
1480 1773 1535 1816 ad
1555 1774 1692 1816 Deum
1710 1785 1780 1814 re-

362 1847 530 1891 deuntis
546 1878 558 1901 ,
589 1846 792 1888 Marcello
814 1845 1010 1887 tribuunt
1031 1849 1074 1886 et
1095 1843 1299 1886 Eusebius
1326 1849 1367 1886 et
1401 1845 1608 1899 Basilius3
1642 1843 1780 1886 Atha-

363 1920 504 1963 nasius
535 1922 677 1960 autem
709 1918 771 1960 illi
805 1929 931 1972 quam
964 1917 1188 1972 impugnat
1224 1915 1421 1969 factioni,
1453 1916 1558 1971 ipsis
1587 1914 1782 1958 adhibitis

362 1990 542 2033 vocibus
564 1994 740 2045 προελθὼν
763 1993 807 2031 et
825 1989 1072 2041 παλινδρομῶν
1087 2017 1097 2037 ,
1127 1988 1281 2041 πρόοδος
1303 1991 1344 2030 et
1364 1988 1569 2041 ἀναδρομὴ,
1598 1988 1783 2040 προεβάλ-

367 2068 450 2103 λετο
483 2067 526 2105 et
557 2065 810 2112 ἀνακαλεῖται,
862 2065 1023 2113 γέννησις
1055 2064 1099 2101 et
1135 2063 1255 2099 παῦλα
1290 2069 1353 2104 τῆς
1385 2066 1595 2112 γεννήσεως.
1634 2061 1671 2111 S.
1712 2058 1779 2099 12.

360 2138 398 2186 S.
434 2136 479 2189 4,
506 2148 546 2177 e.

455 2196 517 2259 (6)
539 2205 786 2248 Marcellum
817 2203 870 2247 de
899 2202 1043 2246 Verbo
1075 2202 1348 2245 disserentem
1373 2200 1462 2257 jam
1491 2202 1676 2245 vidimus
1710 2201 1780 2242 in-

367 2277 514 2320 sistere
543 2278 588 2319 in
616 2277 762 2332 phrasi
792 2278 827 2314 ἐν
859 2286 907 2328 τῷ
930 2283 1036 2327 Θεῷι
1067 2274 1183 2316 idem
1200 2273 1392 2315 fecerunt
1411 2273 1612 2316 haeretiei
1630 2271 1709 2326 illi,
1732 2270 1786 2313 de

368 2347 525 2403 quibus
539 2348 733 2403 loquitur
751 2347 1028 2400 Athanasius,
1060 2344 1151 2387 vid.
1167 2347 1203 2397 S.
1217 2345 1282 2386 12.
1306 2343 1460 2399 passim
1479 2344 1567 2396 §.2
1587 2343 1679 2385 init.
1700 2345 1783 2384 etc.

367 2421 405 2470 S.
439 2420 484 2473 4,
511 2431 550 2460 e.

460 2491 511 2542 (7)
543 2489 727 2532 Eosdem
756 2490 923 2531 incusat
953 2487 1226 2541 Athanasius,
1261 2485 1341 2528 nisi
1375 2485 1532 2527 vellent
1561 2496 1649 2526 esse
1682 2483 1790 2525 meri

370 2559 618 2615 Sabelliani,
657 2560 777 2615 quod
797 2559 1033 2602 necessario
1053 2561 1248 2600 tenerent
1277 2555 1481 2599 attributa
1501 2555 1581 2598 Dei
1603 2566 1693 2596 esse
1718 2566 1787 2596 res

371 2631 576 2686 quasdam
595 2644 672 2687 per
691 2645 734 2674 se
754 2632 1025 2674 subsistentes
1041 2630 1087 2671 in
1105 2628 1250 2671 divina
1271 2631 1424 2669 natura
1440 2657 1452 2680 ,
1483 2638 1591 2681 quae
1611 2623 1791 2681 proinde

372 2708 544 2746 σύνθετος
577 2707 670 2745 est:
705 2707 748 2746 at
777 2703 863 2746 hoc
891 2703 1032 2758 ipsum
1072 2699 1243 2743 deducit
1281 2697 1482 2741 Eusebius
1514 2710 1565 2740 ex
1595 2695 1792 2739 doctrina

371 2774 574 2818 Marcelli.
608 2774 890 2818 Athanasius:
925 2779 1020 2814 κατὰ
1051 2777 1160 2812 τούτο
1193 2777 1213 2817 ἡ
1245 2775 1322 2809 Θεία
1351 2775 1460 2824 μονὰς
1492 2773 1660 2813 σύνθετος
1681 2774 1793 2820 φανή-
