1988 3366
817 185 876 191 —
909 164 934 204 7
964 187 1023 194 -..

207 238 467 286 sectionibus
482 238 609 294 liujus
630 241 728 284 libri
749 244 793 296 8,
818 245 892 299 25,
917 247 990 299 26,
1018 249 1090 290 27.
1118 250 1254 292 Porro
1277 252 1320 294 in
1342 253 1630 308 disputatione

206 310 267 360 SS.
286 310 423 351 30-36
437 311 660 366 singularis
674 326 774 356 usus
795 320 857 357 est
878 318 1055 372 epitheti
1077 324 1173 364 θεῖος
1194 321 1250 364 ad
1271 323 1484 368 Christum
1511 329 1632 372 adhi-

208 378 314 432 biti;
347 393 432 422 vox
461 394 636 438 quoque
662 395 756 424 νοεῖν
779 386 969 442 ejusdem
990 390 1077 433 loci
1099 395 1278 448 propria
1301 399 1377 437 est.

298 450 423 502 Quod
443 465 575 506 porro
597 457 808 511 singulare
832 465 896 502 est
917 461 961 503 in
982 462 1069 505 hoc
1090 464 1202 507 libro
1217 497 1228 519 ,
1259 471 1308 508 ut
1328 469 1442 522 stylo
1464 469 1632 526 signum

208 519 442 576 imprimat,
466 533 760 579 argumentum
783 536 926 574 autem
946 533 1060 578 idem
1082 549 1171 580 non
1193 538 1286 580 leve
1307 539 1426 594 quod
1447 540 1500 583 de
1523 544 1631 586 serie

209 591 392 645 quadam
425 599 749 643 annotationum
782 603 1091 657 polemicarum
1113 621 1226 651 nune
1251 611 1439 665 agimus,
1464 624 1552 655 non
1577 615 1631 658 de

202 660 317 715 justo
353 670 395 707 et
431 667 612 722 simplici
645 683 774 726 opere
795 705 806 726 ,
847 675 1087 730 frequentia
1114 680 1184 722 illa
1214 685 1277 723 est
1312 682 1629 728 vocabulorum

206 734 478 794 hujusmodi,
513 748 685 783 πευστὲον
723 747 776 799 2,
805 759 844 789 e.
875 751 1074 801 ἐρωτητὲον
1111 753 1161 807 3,
1187 753 1220 795 f.
1248 754 1301 807 4,
1335 767 1375 796 a.
1403 758 1541 796 λεκτέον
1574 760 1629 814 4,

207 805 298 848 init.
317 809 360 862 6,
383 810 426 852 d.
460 814 527 867 10,
548 828 587 856 a.
605 817 790 868 ἐλεγκτέον
806 820 850 874 3,
871 832 909 862 a.
931 822 974 874 4,
997 835 1035 864 e.
1060 827 1203 875 ἔρεσθαι
1225 825 1393 877 δίκαιον,
1413 832 1523 868 καλὸν
1543 834 1628 874 etc.

213 878 280 929 ll,
305 878 348 920 d.
364 883 446 935 lli,
471 896 509 926 a.
534 887 605 928 23.
632 888 678 930 h.
701 889 831 945 Cujus
853 893 1019 945 generis
1040 900 1139 937 sunt
1159 896 1233 939 illa
1255 910 1448 953 quoque,
1474 904 1631 941 ἀκολου-

207 951 302 987 (amec
326 958 371 990 τὰ
392 955 426 990 ἐν
451 965 527 1000 τοῖς
550 962 745 1011 ἔμπροσθεν
768 965 887 1002 ἄτοπα
910 969 1098 1017 εἰρημένα,
1123 980 1161 1010 e.
1184 982 1228 1024 g.
1251 971 1294 1022 2,
1321 983 1360 1012 (3.
1382 972 1425 1024 4,
1442 985 1481 1014 e.
1503 974 1527 1014 4
1549 974 1625 1017 fin.

212 1023 260 1061 15
278 1022 373 1066 init.
399 1027 471 1078 26,
492 1028 537 1069 b.
565 1031 619 1071 26
643 1031 737 1075 init.
763 1034 1019 1088 quibuscum
1038 1039 1304 1082 conferamus
1322 1041 1626 1096 elegantiorem

205 1092 373 1144 periodi
386 1108 576 1151 cursum,
601 1103 714 1144 Orat.
731 1116 784 1157 11,
803 1106 933 1158 24,b.
958 1111 1066 1147 καλὸν
1089 1114 1223 1155 αὐτοὺς
1245 1115 1396 1164 ἔρεσθαι
1418 1122 1477 1152 καὶ
1501 1124 1627 1168 τοῦτο,

206 1159 253 1200 ἶν’
275 1168 327 1203 ἔτι
348 1171 478 1218 μᾶλλον
504 1175 520 1208 ὁ
543 1174 707 1224 ἔλεγχος,
732 1193 762 1212 κ.
787 1193 819 1215 τ.
843 1180 875 1215 )..
905 1177 1113 1233 ejusmodi
1136 1187 1234 1224 sunt
1255 1185 1379 1227 etiam
1411 1193 1452 1225 τὸ
1479 1189 1513 1225 δ’
1535 1192 1626 1229 αὐτὸ

206 1235 246 1271 δὲ
270 1243 329 1274 καὶ
351 1247 438 1291 περὶ
460 1242 664 1296 δυνάμεως,
685 1250 720 1299 5,
748 1249 798 1301 33
826 1262 933 1304 quae
963 1253 1105 1294 omnia
1132 1253 1405 1298 Aristotelem
1429 1260 1625 1316 sapiunt,

205 1318 292 1349 non
309 1310 599 1358 Athanasium.
616 1317 780 1360 Videsis
797 1321 921 1362 etiam
939 1322 1060 1363 locos
1077 1324 1315 1379 Scripturae
1333 1339 1475 1371 sacrae
1485 1331 1628 1375 subito

204 1388 452 1440 propositos
472 1395 520 1432 ut
537 1395 757 1437 materiem
777 1395 1052 1453 disputandi,
1078 1404 1127 1442 ut
1145 1401 1270 1454 in·§§.
1295 1406 1334 1456 l,
1355 1407 1397 1458 5,
1418 1408 1461 1460 9,
1488 1412 1530 1450 et
1553 1411 1626 1453 31.

292 1465 562 1511 Aristotelem
584 1471 711 1514 etiam
733 1474 820 1526 agit
841 1475 884 1516 in
905 1475 990 1518 hoc
1009 1472 1437 1525 librofsanctissimus
1465 1485 1630 1530 Doctor

204 1531 248 1574 in
282 1535 419 1579 effatis
455 1540 539 1582 suis
566 1541 817 1598 theologicis
853 1547 1150 1602 proferendis3
1190 1563 1228 1592 e.
1260 1563 1303 1604 g.
1347 1558 1379 1591 εἴ
1410 1557 1541 1607 ἄγονος
1570 1564 1629 1598 καὶ

205 1607 439 1659 ἀνὶνὲργητος
474 1616 490 1649 ὁ
513 1619 622 1664 Θεὸς,
658 1616 682 1656 4
719 1615 794 1658 fin.
832 1625 872 1657 τὸ
907 1622 942 1657 ἔκ
974 1627 1067 1664 τινὸς
1102 1625 1272 1674 ὑπάρχον
1306 1629 1379 1670 υἱός
1412 1630 1508 1668 ἐστιν
1531 1632 1628 1670 ἐκεί·-

204 1694 285 1733 νου,
308 1683 374 1734 15,
401 1696 438 1724 c.
463 1686 570 1724 οὐδὲν
593 1690 627 1725 ἓν
648 1695 740 1740 πρὸς
764 1696 828 1728 τὸν
855 1695 1016 1743 πατέρα,
1048 1697 1078 1731 εἰ
1107 1701 1150 1744 μὴ
1179 1701 1219 1734 τὸ
1247 1699 1281 1742 ἐξ
1315 1701 1441 1738 αὑτοῦ.
1474 1703 1550 1755 17,
1576 1703 1620 1746 d,

204 1754 253 1789 ὧν
276 1757 337 1790 οὔκ
360 1756 458 1795 ἐστιν
480 1761 528 1802 εἰς
546 1764 609 1803 τὰς
633 1762 789 1813 καρδίας
810 1767 826 1800 ὁ
844 1766 932 1814 υἱὸς,
951 1771 1088 1803 τούτων
1103 1767 1188 1804 οῦδὲ
1207 1776 1324 1823 πατὴρ
1340 1775 1356 1808 ὁ
1375 1779 1480 1823 Θεὸς,
1500 1774 1624 1829 22‚b,

206 1827 235 1861 εἰ
257 1832 301 1877 μὴ
324 1831 416 1878 υἱὸς,
443 1830 526 1868 οὐδὲ
547 1834 667 1882 λόγος·
695 1837 724 1872 εὶ
749 1842 791 1887 μὴ
814 1836 945 1887 ’Μ’γσς,
981 1838 1066 1875 οὐδὲ
1092 1839 1179 1882 ὐὶὁς.
1205 1841 1258 1882 24
1284 1840 1358 1884 fin.

292 1900 335 1940 4.
370 1900 553 1944 Ulterius
576 1917 689 1947 nunc
710 1908 1071 1962 progrediendum
1095 1914 1181 1964 est3
1204 1911 1342 1966 liquet
1365 1915 1476 1956 enim
1494 1915 1627 1958 Atha-

203 1969 313 2011 sium
342 1971 427 2014 hoc
454 1973 497 2014 in
521 1973 634 2017 libro
665 1989 753 2019 non
777 1991 874 2021 raro
898 1980 1074 2023 innuere
1103 1994 1147 2023 se
1176 1995 1264 2025 non
1291 1983 1531 2028 doctrinam
1555 1999 1628 2029 so-

203 2040 292 2083 lum
320 2042 631 2088 haereticorum
650 2050 879 2102 percellere
895 2082 906 2103 ,
942 2052 1017 2094 sed
1045 2052 1293 2096 haereticos¹
1313 2056 1457 2110 ipsos;
1486 2061 1628 2101 tamen

203 2111 256 2154 de
279 2115 522 2159 nominibus
539 2121 677 2172 tacet3
702 2121 822 2175 quod
848 2127 998 2164 contra
1020 2122 1068 2165 fit
1091 2124 1136 2165 in
1158 2125 1314 2167 Ariana
1344 2138 1420 2168 sua
1450 2132 1628 2171 contro-

202 2183 362 2237 versia,
395 2186 470 2228 ubi
505 2187 720 2232 liberrime
752 2191 946 2247 loquitur
977 2193 1031 2236 de
1068 2195 1170 2237 Ario
1191 2228 1203 2249 ,
1236 2195 1289 2238 de
1317 2197 1531 2252 Eusebio,
1571 2199 1626 2242 de

201 2256 384 2310 Asterio,
408 2262 451 2300 et
473 2260 566 2302 aliis
586 2260 773 2316 ejusdem
799 2269 954 2307 sectae.
993 2266 1072 2308 Hic
1093 2271 1263 2320 contra,
1283 2267 1382 2310 lieet
1401 2276 1627 2314 occurrant

202 2331 316 2369 certe
349 2333 382 2366 οἱ
411 2333 480 2369 ἀπὸ
504 2341 566 2371 τοῦ
591 2340 844 2387 Σαμοσάτεως,
867 2340 909 2377 et
932 2343 1024 2376 κατὰ
1045 2341 1233 2391 &affinior
1251 2367 1262 2388 7
1286 2338 1516 2383 adversarii
1537 2341 1628 2396 ple·

201 2410 384 2455 rumque
408 2406 634 2460 anonymi,
658 2419 768 2449 unus
787 2412 860 2450 aut
881 2409 1042 2463 plures,
1067 2410 1111 2451 in
1133 2422 1331 2466 campum
1346 2409 1625 2466 descendunt,

200 2470 270 2513 vel
298 2474 444 2528 potius
474 2476 734 2534 illabuntur3
769 2485 818 2523 ut
846 2482 992 2535 colligi
1020 2486 1164 2538 potest
1194 2495 1244 2525 ex
1273 2489 1358 2535 φατὲ
1382 2485 1408 2526 9
1432 2484 1525 2526 init.
1562 2492 1626 2524 πί-

200 2559 335 2584 πτουσι
362 2547 407 2588 ll
435 2547 532 2590 init.
557 2554 709 2604 ὑπέλαβε
747 2553 796 2594 13
818 2553 914 2595 init.
949 2556 1056 2594 αὐτὸν
1095 2562 1252 2595 τοιαῦτα
1279 2558 1436 2607 λέγοντα
1474 2558 1551 2611 14,
1585 2570 1622 2600 8.

200 2619 234 2654 οἱ
255 2625 367 2657 τοῦτο
386 2621 551 2670 λέγοντες
578 2623 627 2664 15
646 2623 737 2665 init.
761 2627 840 2664 κατ’
856 2628 990 2670 αὐτοὺς
1016 2627 1064 2668 21
1087 2627 1180 2669 init.
1214 2630 1292 2667 κατ’
1310 2630 1469 2672 ἐκείνους
1486 2630 1560 2683 22,
1583 2643 1622 2672 C.

199 2686 299 2730 vid.
324 2689 451 2733 etiam
473 2693 517 2746 8,
543 2707 580 2735 c.
617 2696 684 2749 13,
707 2708 746 2738 c.
773 2698 829 2739 20
848 2698 941 2740 init.
960 2698 1034 2751 23,
1059 2710 1097 2739 c.
1117 2699 1190 2752 24,
1215 2711 1256 2742 a.
1284 2701 1357 2753 25,
1383 2699 1429 2743 b.
1450 2701 1506 2743 28
1523 2700 1618 2743 init.

197 2758 221 2798 J
225 2770 291 2800 am
314 2760 348 2802 si
375 2773 471 2805 acer
489 2763 559 2807 ille
577 2769 860 2813 accusatorius
878 2769 1014 2825 stylus
1033 2769 1134 2813 huic
1155 2769 1269 2814 libro
1293 2770 1437 2827 abest,
1475 2773 1520 2816 in
1547 2773 1627 2816 hac
