1988 3366
795 196 852 202 ..
883 174 909 213 9
940 195 998 201 -

186 267 264 298 suo
291 255 572 311 Augustinum
595 255 716 311 petit.
750 254 870 297 Idem
899 264 1073 310 quoque
1100 252 1143 294 in
1174 251 1351 294 Platone
1381 252 1482 294 fecit
1502 253 1600 294 Ari-

188 327 382 380 stoteles;
412 326 487 370 sed
514 327 558 369 in
591 326 672 370 hac
700 338 748 368 re
778 330 903 368 testes
933 323 1231 379 supervacanei
1251 327 1364 366 sunt.

277 398 403 450 Quod
430 398 556 439 nobis
584 410 675 439 rem
704 395 1085 452 perstringentibus
1114 407 1228 436 nunc
1258 393 1602 436 commendatum

190 474 276 520 est,
309 481 429 522 mox,
463 468 629 510 collatis
657 468 767 510 inter
787 479 831 508 se
854 465 1148 520 dogmatibuS‚
1173 465 1244 506 hic
1261 464 1605 506 Marcellinorum

189 552 262 581 seu
278 528 627 581 Photinianorum
640 570 652 593 ‚
671 539 758 580 illic
773 551 922 580 eorum
935 537 1189 592 quibuscum
1205 536 1251 578 in
1266 535 1351 578 hoc
1372 535 1484 576 libro
1506 535 1601 588 agi-

189 615 283 664 tur,
305 611 589 665 plenissimam
603 609 778 652 habebit
804 607 1189 661 confirmationem3
1209 631 1232 638 -
1249 620 1300 649 eo
1331 607 1491 649 scilicet
1510 619 1606 647 mo-

191 682 272 734 do,
308 694 395 736 quo
422 682 644 725 Orationes
673 685 760 722 tres
788 681 993 722 haeresim
1008 683 1190 721 tractant
1212 679 1410 720 Arianam
1426 709 1437 729 ,
1461 678 1608 732 dispu-

189 754 392 795 tationem
422 753 533 794 hanc
565 756 782 806 quartam,
817 751 1026 793 divulsam
1054 751 1152 792 licet
1183 754 1225 791 et
1254 749 1604 804 incompositam,

191 831 234 871 in
260 830 446 872 Marcelli
467 830 534 870 vel
556 829 752 882 Photini‚
777 840 942 870 necnon
961 827 1127 869 Sabellii
1146 832 1188 868 et
1210 826 1468 868 samosateni
1492 838 1610 868 erro-

191 900 307 942 ribus
343 899 574 942 refutandis
617 900 787 941 versari.
835 898 961 951 Quod
1001 911 1097 940 cum
1130 898 1336 950 dicimus,
1381 897 1610 952 prudentes

194 972 475 1026 praeterimus
491 973 699 1013 sectiones
723 971 749 1012 6
772 975 813 1012 et
836 973 858 1013 7
877 1003 889 1024 ,
915 970 970 1012 ad
986 970 1268 1012 Arianismum
1295 967 1447 1023 procul
1476 967 1610 1010 dubio

193 1048 425 1097 spectantes
444 1074 456 1095 ‚
489 1042 563 1084 sed
592 1044 636 1084 in
667 1055 830 1083 summa
852 1042 994 1096 operis
1023 1042 1305 1095 importunas.

283 1115 358 1155 His
389 1114 544 1156 nostris
570 1113 658 1168 Jam
687 1114 731 1155 in
774 1113 955 1154 formam
986 1111 1192 1164 redactiS,
1224 1109 1490 1165 perjucunda
1530 1108 1611 1150 fuit

193 1183 317 1225 nohis
345 1184 524 1226 fortuita
553 1184 677 1225 lectio
707 1183 870 1236 libelli,
899 1183 1117 1236 inscripti,
1155 1201 1171 1216 «
1191 1182 1241 1223 In
1271 1180 1443 1222 Eusebii
1464 1183 1611 1221 contra

195 1255 443 1297 Marcellum
464 1255 597 1297 libros
619 1255 801 1296 Selectae
823 1253 1151 1296 Observationes
1167 1284 1179 1305 ,
1215 1255 1388 1293 auctore
1414 1251 1466 1292 R.
1492 1251 1534 1291 S.
1559 1250 1607 1291 C.

194 1327 356 1380 Lipsiae
379 1327 503 1368 1787.
527 1345 543 1361 »
566 1325 755 1367 Laudato
770 1324 986 1366 Athanasii
1011 1323 1196 1377 «quinto
1220 1322 1332 1364 libro
1347 1354 1358 1375 ,
1380 1341 1395 1357 »
1426 1326 1474 1362 ut
1490 1321 1614 1362 illum

194 1401 340 1449 vocat,
363 1416 378 1431 »
415 1401 563 1438 contra
584 1397 763 1438 Arianos
778 1429 789 1450 ,
829 1395 1003 1450 »pergit
1024 1399 1173 1436 auctor
1194 1405 1430 1449 anonymus
1454 1392 1609 1445 dicere,

201 1468 317 1521 «ibi,
350 1473 398 1510 ut
428 1470 472 1510 in
501 1468 612 1510 lihro
643 1470 692 1509 de
721 1470 810 1509 Aet.
846 1470 969 1508 subst.
1004 1469 1086 1508 Fil.
1110 1472 1151 1507 et
1180 1469 1252 1519 Sp.
1282 1468 1324 1507 S.
1363 1466 1614 1507 sententiam

194 1540 404 1592 Marcelli,
441 1553 669 1595 suppresso
692 1545 834 1582 tamen
856 1539 1027 1580 nomine
1042 1572 1054 1592 ‚
1088 1538 1260 1580 refellit.
1297 1536 1424 1589 Quod
1446 1548 1499 1578 an
1521 1535 1612 1577 aliis

196 1611 249 1652 sit
276 1611 570 1665 observatum,
595 1612 768 1666 ignoro.
789 1630 804 1646 »
834 1623 878 1665 p.
905 1612 977 1651 28.

585 1755 621 1805 S.
657 1754 714 1795 II.
748 1766 804 1795 DE
836 1765 1033 1796 MATERIE
1064 1765 1199 1795 unm.

288 1896 382 1947 Quo
412 1895 560 1937 melius
590 1895 690 1937 huic
720 1896 781 1937 rei
817 1894 1018 1946 satisfiat,
1063 1895 1216 1949 triplex
1252 1893 1322 1935 hic
1364 1892 1614 1935 sumendum

198 1970 260 2007 est
282 1971 600 2019 argumentum:
628 1967 810 2021 primum
834 1967 946 2008 enim
968 1965 1230 2008 necessitudo
1252 1965 1326 2006 illa
1348 1965 1461 2006 inter
1482 1964 1614 2006 Atha-

201 2037 364 2078 nasium
381 2041 423 2078 et
436 2036 679 2078 Marcellum
695 2037 737 2078 in
750 2037 927 2079 historia
946 2037 1125 2078 istorum
1144 2041 1387 2090 temporum
1401 2067 1412 2088 ,
1447 2047 1556 2089 quae
1573 2039 1616 2076 et

199 2107 335 2161 qualis
361 2106 515 2162 fucrit,
550 2107 790 2149 desmienda
819 2112 907 2160 est3
950 2107 1102 2150 deinde
1133 2106 1391 2149 enucleanda
1423 2106 1616 2148 doctrina

200 2178 420 2231 Marcelli,
453 2178 652 2232 Photini,
686 2183 728 2220 et
757 2178 996 2220 istiusmodi
1035 2179 1370 2229 haereticorum;
1412 2181 1503 2218 tum
1542 2177 1616 2218 illa

200 2248 454 2290 Photiniana
490 2249 674 2291 haeresis
715 2248 972 2291 conferenda
1009 2254 1072 2291 est
1111 2262 1208 2291 cum
1240 2261 1287 2290 ea
1318 2260 1424 2302 quae
1454 2249 1496 2289 iu
1533 2247 1616 2289 hoc

200 2319 310 2360 libro
336 2318 390 2361 ab
419 2320 650 2361 Athanasio
684 2324 975 2375 oppugnatur.

294 2463 330 2501 l.
366 2461 472 2502 Cum
503 2461 754 2504 Athanasius
783 2461 924 2505 adhuc
949 2460 1097 2516 junior
1127 2464 1236 2502 esset
1271 2460 1316 2502 in
1361 2460 1619 2514 Episcopatu

201 2543 304 2583 suo,
337 2532 560 2574 Marcellus
590 2534 783 2588 Ancyrae
813 2534 858 2574 in
893 2533 1056 2575 Galatia
1094 2533 1327 2587 Episcopus
1366 2543 1618 2585 responsum

200 2601 306 2643 illud
335 2602 467 2645 edidit
496 2604 655 2646 Ariano
678 2602 894 2657 sophistae
917 2605 1108 2657 Asterio,
1141 2616 1192 2645 ex
1217 2615 1304 2658 quo
1336 2607 1379 2645 et
1410 2603 1619 2656 originem

200 2684 319 2714 suam
338 2677 380 2715 et
402 2673 635 2728 subJectam
654 2675 871 2717 materiem
901 2678 1134 2730 coeperunt
1155 2673 1325 2716 Eusebii
1349 2680 1484 2715 contra
1504 2676 1620 2714 Mar-

201 2744 370 2799 cellum,
402 2749 444 2787 et
466 2747 514 2787 de
532 2747 804 2788 Ecclesiastica
830 2747 1040 2800 Theoloqia
1057 2745 1182 2800 libri,
1195 2745 1327 2787 nobis
1343 2745 1473 2788 hodie
1495 2745 1618 2800 prin-
