1950 3340
940 190 998 196 .-
1030 167 1087 208 40
1119 190 1175 196 -.

376 250 486 292 inter
518 262 563 291 se
597 262 647 291 ex
678 248 828 292 ordine
857 253 1109 304 comparat,
1147 261 1200 291 ne
1232 247 1411 291 verbum
1441 248 1614 304 quidem
1645 249 1808 305 profert

377 334 464 376 quo
486 321 683 364 concludi
712 323 845 378 possit
878 335 902 364 a
931 321 1065 364 Paulo
1099 321 1315 375 duplicem
1337 320 1602 376 hypostasim
1624 334 1714 364 esse
1737 336 1808 364 ex-

377 394 622 447 cogitatam.
644 393 813 449 Neque,
832 406 929 436 cum
952 397 1098 435 narrat
1115 393 1374 444 Anastasius,
1406 394 1562 446 Hodeq.
1593 395 1633 436 7.
1648 396 1805 449 p.108,

381 483 397 499 «
420 465 465 506 in
494 477 612 507 sacra
639 465 850 520 Ephesina
880 465 1057 521 Synodo
1086 463 1421 506 demonstratum
1452 477 1541 506 esse
1556 497 1567 519 ‚
1604 464 1807 520 dogmata

375 536 563 578 Nestorii
593 548 829 578 consonare
860 549 959 578 cum
989 535 1187 578 doctrina
1217 535 1338 577 Pauli
1372 536 1653 590 samosateni,
1679 556 1694 572 »
1723 537 1807 579 Ne-

376 607 691 649 storianismum
722 607 929 650 continuo
964 606 1114 649 tribuit
1142 607 1304 660 Paulo,
1337 607 1419 649 nisi
1449 608 1669 649 Artemoni
1699 620 1809 663 quo-

376 689 460 732 que
478 708 489 729 ,
529 689 657 732 quem
695 677 798 719 alibi
829 681 1009 720 testatur
1051 696 1066 713 «
1090 677 1306 720 Christum
1336 679 1380 720 in
1414 677 1524 720 duos
1555 678 1760 722 divisisse.
1787 699 1803 715 »

376 761 415 790 c.
444 751 517 790 20.
542 761 588 803 p.
615 750 718 803 323,
744 750 788 791 4.
821 749 1124 804 Ephraemium
1155 754 1298 792 autem
1323 750 1639 791 Antiochenum
1664 781 1675 804 ,
1709 763 1808 793 cum

376 821 557 862 Paulum
585 820 692 863 dicit
729 841 744 856 «
770 821 948 863 alterum
982 826 1080 863 ante
1111 821 1279 864 saecula
1307 821 1443 863 filium
1461 854 1472 875 ,
1510 822 1687 864 alterum
1705 835 1807 865 vero

377 897 524 946 postea
551 904 714 934 summa
742 905 840 935 cum
871 892 1080 935 dementia
1114 893 1336 935 asseruisse
1360 913 1375 928 »
1410 907 1478 946 ap.
1504 894 1621 934 Phoc.
1643 895 1804 948 p.814‚

375 963 599 1005 verisimile
623 968 686 1006 est
707 964 813 1006 nihil
838 965 1021 1019 amplius
1040 964 1148 1006 velle
1166 995 1177 1016 ,
1210 976 1339 1019 quam
1370 964 1432 1006 uti
1457 965 1506 1006 iis
1534 964 1638 1019 ipsis
1664 964 1807 1007 verbis

377 1035 551 1077 Patrum
567 1035 934 1077 Antiochenorum
952 1066 963 1089 ,
983 1035 1035 1078 de
1054 1035 1209 1090 quibus
1227 1036 1356 1090 paulo
1376 1039 1472 1077 ante
1491 1035 1625 1077 locuti
1643 1049 1804 1078 sumus.

377 1106 565 1160 Contra,
596 1107 720 1161 plane
753 1107 973 1162 colligitur
1006 1120 1057 1149 ex
1088 1108 1245 1162 Vigilio
1279 1111 1322 1148 in
1353 1108 1525 1160 Eutych.
1547 1109 1597 1150 B.
1623 1110 1672 1150 P.
1698 1113 1732 1150 t.
1759 1122 1803 1151 v.

375 1190 423 1232 p.
450 1179 551 1220 731.
577 1179 658 1220 Ed.
685 1180 771 1220 Col.
801 1179 927 1221 1618.
953 1179 1189 1230 (omittitur
1208 1179 1331 1220 locus
1352 1179 1397 1220 in
1417 1180 1498 1221 Ed.
1524 1182 1626 1220 Par.
1661 1180 1805 1233 1624.)

376 1250 664 1305 Eutychianos
686 1249 1001 1292 distinctionem
1024 1250 1175 1292 secisse
1203 1250 1313 1292 inter
1334 1249 1534 1304 dogmata
1562 1251 1744 1294 Nestorii
1765 1256 1808 1294 et

374 1322 514 1376 Pauli,
535 1320 660 1376 hujus
675 1322 887 1364 Christum
905 1322 1155 1377 simpliciter
1171 1335 1250 1377 pro
1269 1334 1387 1364 mero
1405 1322 1578 1364 homine
1590 1322 1800 1378 habentis,

378 1393 492 1435 illius
526 1397 698 1435 eatenus
729 1393 869 1434 solum
903 1405 1039 1447 usque
1067 1394 1169 1435 dum
1191 1393 1510 1436 consociaretur
1537 1394 1680 1437 Verbo
1709 1396 1805 1439 Dei.

377 1465 535 1507 Marius
567 1465 669 1506 item
702 1453 916 1506 Mercator
952 1464 1110 1507 diserte
1150 1469 1352 1507 testatur:
1397 1483 1413 1499 κ
1436 1466 1656 1508 Nestorius
1695 1468 1807 1510 circa

378 1535 566 1578 Verbum
587 1537 687 1589 Dei,
727 1549 806 1577 non
827 1539 878 1578 ut
900 1536 1054 1578 Paulus
1083 1538 1210 1578 sentit
1226 1567 1239 1591 ,
1262 1536 1338 1591 qui
1359 1549 1447 1579 non
1467 1537 1777 1580 substantivum
1790 1571 1803 1594 ,

377 1608 453 1650 sed
475 1608 738 1662 prolatitium
764 1608 981 1663 potentiae
1004 1608 1083 1649 Dei
1111 1607 1261 1650 efficax
1281 1607 1471 1650 Verbum
1491 1620 1583 1650 esse
1601 1608 1764 1651 definit.
1783 1629 1801 1646 ι»

378 1680 503 1734 p.50.
530 1678 646 1720 Idem
668 1678 898 1732 affirmant,
918 1678 1016 1720 licet
1038 1691 1127 1721 non
1146 1678 1378 1721 fidelissimi
1394 1683 1520 1721 testes
1535 1710 1547 1733 ,
1567 1684 1608 1722 et
1623 1679 1721 1722 Ibas
1733 1713 1746 1735 ,
1764 1685 1807 1723 et

377 1749 628 1792 Theodorus
644 1751 926 1804 Mopsuestiae
943 1751 1179 1805 Episcopus
1193 1782 1204 1803 ,
1231 1750 1320 1793 vid.
1338 1750 1526 1793 Facund.
1547 1752 1658 1804 vl,3.
1680 1753 1801 1805 111,2.

378 1823 532 1864 Leont.
566 1823 615 1863 cle
645 1824 746 1863 Sect.
780 1835 851 1876 111,
878 1835 923 1877 p.
953 1823 1054 1864 504.
1083 1822 1334 1877 Caeterum,
1369 1823 1404 1864 si
1438 1823 1644 1877 genuinae
1667 1829 1805 1867 essent

382 1893 579 1948 Dionysii
604 1893 877 1935 Alexandrini
894 1895 1077 1947 Epistola
1106 1896 1295 1935 adversus
1323 1896 1500 1935 Paulum
1516 1926 1528 1947 ‚
1562 1898 1606 1936 et
1624 1897 1804 1949 Respon-

378 1968 436 2006 sio
463 1966 518 2005 ad
547 1966 672 2006 Pauli
695 1967 990 2018 Propositiones
1023 1966 1154 2006 decem
1169 1997 1181 2018 ‚
1217 1970 1311 2008 tum
1344 1969 1462 2007 certo
1482 1965 1803 2010 concedendum

379 2040 488 2078 esset
512 2035 692 2078 Paulum
723 2037 920 2078 Nestorio
949 2037 1225 2091 praelusisse;
1250 2036 1296 2079 id
1323 2041 1464 2079 autem
1498 2036 1805 2081 affirmantibus

377 2106 674 2159 Tillemontio‚
710 2106 931 2162 Fabricio,
967 2108 1107 2150 Natali
1135 2107 1375 2151 Alexandro
1391 2139 1403 2162 ,
1436 2109 1587 2163 Bullo,
1609 2111 1803 2152 Burtono

380 2182 422 2220 et
451 2178 542 2220 aliis
559 2211 570 2232 ,
601 2190 680 2219 nos
714 2179 758 2219 in
786 2181 1042 2221 contrariam
1074 2181 1321 2222 sententiam
1357 2192 1455 2222 cum
1477 2181 1669 2236 Valesio,
1693 2182 1804 2224 Har-

379 2248 511 2291 duino
534 2280 545 2302 ,
589 2249 925 2292 Montefalconio
944 2281 955 2302 ‚
988 2255 1032 2292 et
1065 2251 1255 2293 Routhio
1278 2282 1290 2305 ,
1330 2251 1390 2294 ire
1419 2252 1614 2295 velimus.

466 2321 581 2362 Haec
605 2319 659 2362 de
683 2320 850 2362 Ecthesi
873 2320 1106 2376 Ephesina,
1134 2322 1317 2376 plurima
1338 2322 1393 2365 de
1421 2335 1468 2365 re
1502 2323 1672 2378 exigua;
1696 2324 1801 2379 nisi,

377 2395 427 2432 ut
457 2403 676 2445 speramus
691 2422 702 2444 ,
738 2392 788 2434 iis
821 2393 895 2447 qui
921 2394 1077 2449 scripta
1111 2395 1286 2436 Patrum
1314 2394 1557 2449 diligentius
1586 2400 1797 2450 tractant,

378 2461 521 2517 aliqua
539 2463 866 2518 protulerimus,
898 2477 1036 2520 quae,
1069 2465 1114 2508 in
1133 2478 1220 2508 uno
1239 2466 1337 2509 loco
1358 2465 1558 2521 definita,
1585 2467 1638 2509 ad
1667 2467 1802 2511 multa

377 2533 593 2577 transferri
620 2535 798 2591 possint.
