1950 3340
381 269 1800 346 QQWWQWWWWWQQQQ

720 571 1326 627 DISSERTATIO
1382 573 1446 624 ΙΙ.

434 744 490 772 DE
521 742 702 777 ECTHESI
735 743 953 773 EPHESINA
983 743 1159 773 CONTRA
1191 742 1377 774 PAULUM
1408 742 1751 772 SAMOSATENUM.

858 870 1318 910 ‘ramme-⁰

382 1027 543 1111 Extat
572 1068 618 1108 in
646 1067 770 1109 tertia
804 1070 923 1122 parte
953 1067 1160 1109 Actorum
1184 1065 1362 1109 Concilii
1384 1066 1652 1110 oecumenici
1667 1065 1806 1121 Ephe-

381 1137 461 1179 sini
491 1149 560 1179 an.
597 1138 699 1180 331.
733 1137 895 1192 habiti,
929 1137 1172 1195 symbolum
1203 1137 1423 1193 quoddam
1453 1137 1513 1179 sic
1542 1137 1630 1180 fere
1654 1138 1805 1179 inscri—

380 1213 528 1264 ptum:
568 1210 666 1252 «De
689 1210 986 1253 Incarnatione
1007 1209 1137 1252 Verbi
1163 1211 1264 1263 Dei,
1290 1209 1384 1251 Filii
1410 1209 1571 1261 Patris,
1605 1207 1804 1249 Definitio

381 1281 694 1336 Episcoporum
721 1312 732 1334 ,
780 1283 852 1336 qui
894 1283 1066 1324 Nicaeae
1105 1282 1150 1323 in
1189 1280 1363 1336 Synodo
1403 1284 1692 1322 convenerunt
1713 1310 1724 1331 ,
1766 1284 1807 1320 et

383 1352 594 1407 expositio
617 1351 805 1407 ejusdem
829 1353 989 1408 Synodi
1012 1353 1211 1396 adversus
1233 1353 1413 1395 Paulum
1431 1353 1763 1394 samosatenum.
1786 1371 1801 1385 »

383 1422 573 1465 Ecthesis
605 1423 708 1466 haec
737 1424 935 1466 Patribus
968 1424 1271 1477 Antiochenis,
1300 1425 1374 1478 qui
1401 1423 1579 1465 Paulum
1599 1422 1805 1464 condem-

384 1498 594 1537 naverunt
625 1495 700 1537 cir.
735 1508 805 1537 an.
844 1496 1063 1549 264-270,
1090 1496 1330 1538 vindicatur
1353 1508 1377 1536 a
1400 1495 1580 1536 Baronio
1608 1507 1676 1536 an.
1701 1496 1805 1538 272.

383 1567 424 1608 J.
451 1565 628 1609 Forhes.
663 1568 785 1608 Instr.
814 1569 919 1608 Hist.
959 1568 1141 1620 Theoloq.
1179 1581 1208 1618 1,
1243 1569 1285 1608 4.
1320 1569 1356 1618 g.
1392 1568 1428 1607 1.
1463 1567 1668 1621 Lemoyn.
1710 1569 1804 1607 Var.

383 1639 494 1680 Sacr.
522 1642 556 1680 t.
584 1639 626 1679 2.
652 1650 698 1693 p.
723 1639 824 1680 255.
851 1639 1015 1680 Worm.
1043 1641 1151 1680 Hist.
1174 1640 1323 1680 Sabell.
1357 1650 1402 1693 p.
1437 1638 1644 1679 116-119.
1678 1636 1803 1688 (Vid.

384 1708 545 1751 Routh.
583 1711 690 1751 Rell.
725 1711 837 1751 Sacr.
872 1715 905 1751 t.
943 1711 985 1752 2.
1019 1722 1065 1765 p.
1101 1711 1230 1763 523.)
1271 1710 1431 1751 Simon.
1471 1708 1523 1751 de
1562 1709 1772 1762 Magistris
1793 1741 1804 1761 ‚

385 1781 567 1833 Praefat.
593 1782 649 1821 ad
664 1783 831 1834 Dionys.
854 1783 974 1823 Aleoe.
1001 1794 1046 1837 p.
1064 1794 1138 1824 xL.
1158 1781 1365 1824 Feverlin.
1385 1783 1551 1822 Dissert.
1578 1782 1641 1821 de.
1663 1783 1716 1822 P.
1737 1783 1809 1822 Sa-

385 1864 482 1893 moS.
506 1854 543 1904 S.
569 1853 611 1894 9.
637 1852 812 1894 Fasson.
835 1854 883 1893 de
905 1866 996 1894 voce
1018 1855 1280 1905 Homozzsion,
1317 1851 1606 1894 Molkenbuhr
1635 1853 1802 1892 Dissert.

388 1925 488 1965 Crit.
514 1924 558 1965 4.
585 1924 715 1965 Kern.
751 1926 893 1977 Disqu.
930 1926 1038 1966 Hist.
1074 1926 1175 1966 Crit.
1212 1923 1266 1966 de
1296 1923 1378 1966 hac
1408 1935 1487 1976 re3
1520 1923 1700 1964 Burton.
1736 1935 1806 1975 ap.

384 1993 535 2037 Faber.
563 2014 579 2030 «
597 1997 854 2049 Apostolicity
874 1996 923 2048 os
939 1998 1273 2047 Trinitarc’anism,
1299 2014 1315 2030 »
1340 1999 1382 2036 et
1398 1994 1506 2036 aliis.
1531 1993 1637 2035 Cum
1666 1996 1807 2034 autem

385 2068 612 2108 homousion
642 2067 737 2109 Filii
766 2068 844 2110 Dei
874 2067 1127 2122 profitetur,
1162 2066 1351 2109 adhibita
1389 2070 1450 2108 est
1474 2078 1498 2107 a
1524 2064 1679 2106 criticis
1710 2065 1808 2119 qui—

384 2138 567 2181 busdam
582 2169 594 2191 ,
625 2150 712 2193 quo
738 2138 1068 2194 comprobarent
1096 2138 1395 2190 Athanasium,
1427 2136 1626 2179 Basilium
1641 2166 1652 2188 ‚
1673 2139 1716 2178 et
1735 2137 1809 2177 Hi-

386 2210 541 2252 larium
557 2242 568 2264 ,
602 2209 871 2264 gravissimos
903 2214 1098 2252 auctores
1111 2241 1122 2263 ,
1156 2221 1314 2252 errasse
1345 2221 1444 2250 cum
1474 2207 1663 2250 dicerent
1681 2219 1808 2249 voea-

386 2280 535 2323 bulum
555 2279 662 2323 illud
680 2281 933 2324 Antiochiae
955 2285 1058 2323 tunc
1078 2281 1296 2335 temporis,
1321 2280 1367 2321 in
1389 2278 1578 2334 Epistola
1598 2277 1808 2332 Synodica

382 2353 587 2406 'Patrum‚
619 2356 693 2394 aut
730 2351 1060 2395 condemnatum
1081 2363 1191 2405 esse,
1216 2355 1290 2393 aut
1319 2350 1551 2405 prudenter
1585 2349 1803 2391 omissum.

387 2423 503 2476 Quae
535 2421 708 2478 quidem
737 2422 1000 2466 subdifficilis
1023 2423 1215 2477 quaestio
1238 2435 1326 2464 non
1348 2420 1476 2476 hujus
1496 2424 1560 2462 est
1588 2420 1673 2462 loci
1690 2451 1701 2473 ,
1734 2419 1810 2462 ubi

388 2493 433 2536 id
462 2497 629 2535 tantum
658 2495 844 2550 agimus,
869 2506 973 2549 pace
991 2493 1373 2536 eruditissimorum
1393 2493 1584 2534 virorum
1599 2523 1611 2545 ,
1636 2495 1685 2533 ut
1707 2490 1809 2533 alla-

388 2566 441 2608 tis
457 2566 716 2619 argumentis
737 2577 818 2620 pro
840 2570 967 2620 captu
987 2569 1135 2608 nostro
1166 2567 1566 2616 commonstremus‚
1598 2562 1810 2605 Ecthesim

386 2635 502 2678 illam
533 2636 724 2679 Concilio
745 2649 884 2692 neque
905 2636 1200 2691 Antiocheno,
1234 2647 1371 2690 neque
1393 2647 1496 2676 vero
1517 2634 1701 2676 Nicaeno
1720 2645 1810 2676 esse

388 2718 587 2749 coaevam
604 2738 617 2760 ‚
658 2707 732 2751 sed
762 2706 858 2763 jure
894 2707 1043 2750 referri
1073 2708 1116 2750 in
1158 2711 1354 2763 tempora
1393 2710 1436 2748 et
1465 2704 1598 2749 Paulo
1633 2708 1675 2747 et
1704 2704 1809 2748 Ario

386 2778 640 2833 posteriora.
