1988 3366
1004 183 1214 223 -ss-

389 270 452 309 est
472 278 601 321 quam
622 265 751 307 series
774 265 986 321 quaedam
1009 265 1377 320 portiuncularum
1410 279 1460 309 ex
1479 267 1607 310 variis
1628 269 1816 313 Athana-

389 339 439 379 sii
459 337 662 392 operibus
678 337 722 378 in
738 349 871 378 uuum
886 341 1241 392 comparatarum.
1262 339 1483 381 Praeterea
1499 369 1511 393 ,
1533 340 1653 394 quod
1666 342 1817 386 attinet

390 409 445 452 ad
473 409 633 451 librum
663 413 856 450 nostrum
874 441 886 462 ,
915 409 960 451 in
985 408 1114 451 codd.
1139 408 1398 463 quibusdam
1419 410 1596 465 singulis
1621 413 1819 466 partibus

389 481 545 535 singuli
571 484 896 536 praeponuntur
921 480 1069 533 tituli;
1102 484 1152 522 ut
1176 486 1262 524 τοὺς
1291 484 1586 535 σαβελλῑζοντας,
1609 501 1643 522 κ.
1661 501 1695 523 τ.
1713 487 1743 522 λ.
1771 485 1817 527 in

389 556 491 594 sect.
513 553 565 605 93
589 552 634 592 in
654 555 757 593 sect.
779 555 920 593 autem
942 554 1013 606 ll,
1035 558 1125 605 πρὸς
1142 559 1226 597 τοὺς
1243 556 1412 605 λέγοντας
1431 558 1509 605 ὅτι,
1528 573 1560 593 κ.
1579 573 1613 595 τ.
1627 560 1658 594 λ.
1681 557 1819 599 Porro

395 624 523 666 «illi»
550 628 593 664 et
615 623 748 664 «ille»
785 627 898 664 stant
919 623 1174 679 aliquande,
1202 626 1322 668 nullo
1350 627 1639 670 antecedente.
1668 627 1750 670 Sed
1775 633 1818 670 et

391 696 617 737 infractum
644 693 751 735 illud
779 698 821 736 et
853 694 1144 738 inordinatum
1167 697 1213 738 in
1245 697 1450 740 orationis
1476 697 1552 740 filo
1569 731 1581 753 ,
1613 698 1819 741 indicium

391 768 507 810 aliud
527 772 589 810 est
608 766 853 822 multiplicis
885 771 928 809 et
955 767 1136 822 disparis
1159 770 1372 811 materiae.
1406 769 1519 822 Quid
1540 769 1660 824 quod
1679 772 1717 823 S.
1741 772 1814 812 25.

389 841 432 880 iu
457 839 563 881 duas
580 842 723 893 partes
744 841 903 880 temere
930 843 1046 881 secat
1079 839 1198 895 quod
1226 840 1390 895 alioqui
1417 842 1668 884 continuum
1686 842 1818 885 habe-

390 916 456 952 ret
478 922 649 952 cursum
667 923 690 951 a
718 911 767 950 15
790 909 845 952 ad
861 911 940 963 363
963 912 1000 962 S.
1028 912 1096 953 11.
1122 915 1262 953 autem
1285 913 1546 955 mentionem
1568 913 1684 955 ultro
1708 912 1818 969 obji-

391 983 450 1024 cit
482 980 660 1036 alicujus
691 982 754 1023 rei
781 993 908 1035 quam
927 982 971 1023 in
993 982 1347 1037 praecedentibus
1366 983 1524 1026 frustra
1547 985 1814 1039 quaesiveris.

390 1055 496 1095 Tum
522 1056 582 1106 55.
607 1055 633 1095 6
655 1057 696 1095 et
720 1055 743 1095 7
757 1084 769 1107 ,
804 1065 914 1108 quae
944 1054 1060 1096 solae
1089 1054 1306 1109 pertinent
1337 1054 1394 1098 ad
1430 1055 1609 1098 Arianos
1625 1088 1637 1110 ,
1676 1054 1817 1110 jacent

392 1127 504 1169 inter
538 1129 889 1179 argumentorum
923 1125 1044 1168 locos
1079 1125 1244 1167 Arianis
1277 1125 1403 1181 plane
1437 1126 1622 1179 alienos,
1658 1127 1817 1181 stylum

393 1203 533 1241 autem
549 1199 720 1252 sapiunt
737 1195 971 1239 dilucidum
992 1197 1114 1239 illum
1129 1201 1172 1239 et
1189 1197 1374 1240 liberum
1393 1198 1645 1241 Orationum
1662 1198 1813 1251 trium3

393 1271 467 1325 qui
502 1269 676 1324 quidem
713 1269 850 1324 stylus
876 1268 1018 1323 aliqua
1044 1281 1093 1311 ex
1129 1273 1251 1324 parte
1282 1270 1326 1311 in
1354 1272 1413 1322 55.
1447 1269 1515 1323 14,
1547 1271 1615 1323 17,
1641 1270 1714 1322 27,
1740 1271 1814 1322 28,

395 1346 438 1384 et
461 1342 533 1383 34.
559 1341 785 1396 reperitur.

477 1414 638 1455 Notatu
667 1412 791 1454 etiam
822 1411 999 1466 dignum
1028 1415 1118 1466 est,
1153 1424 1177 1454 a
1206 1411 1538 1454 Montefalconio
1574 1413 1618 1454 in
1648 1413 1814 1455 Monito

393 1497 472 1528 suo
488 1483 701 1540 Epistolae
719 1482 969 1538 Encyelicae
985 1482 1174 1538 praefixo
1193 1495 1280 1525 esse
1306 1483 1577 1525 observatum
1590 1515 1603 1537 ,
1628 1483 1815 1538 phrasim

389 1558 507 1601 illam
538 1561 571 1595 οἱ
592 1562 679 1608 περὶ
705 1558 878 1609 Εὐσέβιον
899 1567 988 1597 non
1010 1554 1243 1598 adhibitam
1267 1567 1355 1597 esse
1382 1554 1436 1596 ab
1460 1555 1691 1597 Athanasio
1716 1562 1815 1610 post

392 1629 566 1671 Eusebii
594 1633 801 1681 mortem;
841 1628 1026 1681 «Neque
1052 1627 1163 1669 enim
1189 1638 1390 1681 sequaces
1421 1626 1590 1668 Eusebii
1614 1626 1703 1681 jam
1733 1627 1812 1670 de-

390 1700 524 1742 functi
555 1711 734 1755 usquam
762 1698 878 1754 apud
909 1698 1187 1741 Athanasium
1216 1702 1250 1737 οἱ
1273 1705 1350 1752 περὶ
1373 1701 1546 1751 Εὐσέβιον
1577 1703 1812 1751 vocantur,

389 1773 464 1815 sed
489 1779 653 1811 κοινωνοὶ
676 1780 746 1811 τῶν
778 1778 862 1824 περὶ
896 1773 1068 1823 Εὐσέβιον
1099 1772 1168 1814 vel
1196 1774 1418 1824 κληρόνομοι
1451 1781 1514 1815 τῆς
1548 1773 1712 1824 ἀσεβείας
1746 1779 1813 1810 τοῦ

391 1846 584 1896 Εὐσεβῑου.
600 1863 616 1879 »
638 1849 671 1886 t.
696 1856 737 1898 1,
766 1856 812 1899 p.
847 1845 944 1885 110.
969 1844 1065 1885 Jam
1086 1843 1196 1886 hanc
1216 1844 1353 1899 ipsam
1375 1843 1550 1899 phrasin
1569 1843 1747 1898 legimus
1769 1843 1815 1885 in

390 1917 577 1958 sectione
594 1917 636 1957 8.
654 1914 781 1969 hujus
802 1915 1015 1958 Orationis
1037 1918 1237 1969 quartam
1257 1914 1371 1957 unde
1383 1915 1598 1970 sequitur,
1621 1926 1719 1956 cum
1733 1915 1816 1956 Eu-

390 1986 529 2029 sebius
548 1986 783 2029 discesserit
801 1999 825 2028 e
847 1986 956 2028 vivis
978 1999 1045 2028 an.
1073 1987 1152 2028 341
1172 2017 1184 2040 ‚
1210 1987 1356 2030 Oratio
1379 1991 1522 2030 autem
1542 1986 1682 2042 prima
1704 1987 1811 2028 scri-

390 2063 467 2112 pta
492 2058 619 2101 fuerit
647 2059 749 2100 circ.
787 2070 856 2100 an.
897 2059 982 2100 358
996 2089 1008 2112 ‚
1049 2062 1246 2113 quartam
1280 2058 1416 2112 hanc,
1447 2070 1533 2114 qua
1563 2057 1815 2101 Orationum

391 2136 542 2178 seriem
565 2134 764 2178 concludi
795 2134 1008 2189 creditur,
1041 2136 1242 2190 scriptam
1261 2147 1349 2178 esse
1368 2139 1464 2178 ante
1485 2135 1667 2190 primam
1685 2165 1697 2188 ,
1731 2146 1814 2190 qua

391 2209 519 2250 series
549 2207 743 2260 orditur3
776 2207 842 2248 sin
868 2206 1007 2248 minus
1021 2239 1034 2260 ,
1064 2207 1211 2249 saltem
1230 2207 1475 2262 portionem
1496 2218 1589 2249 eam
1610 2209 1810 2261 quartae,

391 2291 500 2333 quae
520 2278 695 2334 phrasin
724 2283 854 2332 οἱπερὶ
876 2281 1045 2331 nociaco-1
1064 2279 1279 2333 continet,
1299 2278 1458 2334 primae
1488 2290 1576 2320 esse
1595 2277 1785 2332 priorem
1797 2308 1810 2331 ,

391 2351 460 2392 vel
482 2349 627 2404 (quod
649 2349 760 2392 idem
784 2350 913 2402 valet)
943 2354 1139 2405 quartam
1164 2362 1213 2392 ex
1235 2349 1430 2405 pluribus
1455 2347 1813 2404 disputationibus

393 2434 482 2464 esse
513 2421 754 2464 conflatam.

481 2492 609 2535 Plura
639 2492 780 2535 adhuc
810 2496 910 2534 sunt
934 2505 1042 2548 quae
1073 2493 1119 2534 in
1150 2492 1229 2534 hac
1260 2505 1306 2534 re
1328 2491 1494 2547 possint
1516 2489 1687 2543 offerri;
1714 2501 1814 2530 nam

391 2564 601 2605 sectiones
634 2565 726 2619 1-5‚
753 2566 797 2618 9,
835 2567 904 2618 10,
938 2568 1159 2606 versantur
1185 2564 1229 2606 in
1266 2565 1516 2618 argumento
1547 2560 1669 2616 plane
1703 2571 1781 2602 suo
1796 2593 1809 2614 ,

391 2634 512 2689 quod
533 2635 578 2677 in
603 2635 770 2690 reliquo
788 2634 903 2678 libro
932 2647 1141 2691 nusquam
1162 2635 1400 2690 attingitur.
1427 2634 1491 2676 De
1512 2637 1703 2686 μοναρχίᾳ
1723 2636 1812 2674 tra-

392 2708 511 2748 ctant
530 2720 542 2759 ;
575 2706 707 2749 verbo
732 2710 871 2750 autem
893 2709 992 2760 ἀρχὴ
1014 2710 1194 2750 utuntur
1214 2718 1295 2762 pro
1316 2707 1487 2760 armine,
1522 2708 1571 2748 ut
1589 2704 1636 2747 in
1656 2703 1812 2760 priori-

394 2775 477 2818 bus
500 2775 777 2823 Orationibus
797 2778 930 2823 moris
951 2782 1040 2834 est;
1073 2789 1170 2822 cum
1198 2776 1312 2822 idem
1329 2779 1557 2834 usurpetur
1578 2778 1806 2833 promitio,
