1950 3340
966 213 1201 254 —54-..

362 299 620 349 autumasse,
652 308 706 338 ne
722 295 853 338 ullam
874 295 1047 352 quidem
1065 309 1154 339 rem
1170 296 1428 339 creationem
1446 309 1565 340 suam
1587 299 1794 342 sustinere

360 380 510 423 posse,
548 372 595 409 ut
632 381 684 410 ne
713 369 1017 410 sanctissimam
1049 369 1230 410 creantis
1260 381 1433 411 manum
1456 373 1660 425 tanquam
1679 371 1793 414 refu-

360 440 448 493 giat
477 444 519 481 et
557 439 610 483 ad
651 440 834 483 nihilum
875 441 1081 482 continuo
1125 439 1316 493 recidat,
1361 440 1441 483 uisi
1483 439 1621 483 eidem
1662 442 1791 484 simul

359 512 614 566 Demiurgus
656 513 746 567 ipse
787 511 1145 554 condescensione
1182 511 1368 566 quadam
1410 524 1529 555 suam
1570 513 1739 568 imperti

359 583 563 637 gratiam,
603 596 690 638 quo
726 582 963 625 mirabilem
993 583 1108 625 illam
1142 583 1351 638 patienter
1383 583 1534 626 subeat
1571 586 1790 640 operatio-

358 667 455 697 nem
471 686 482 708 ,
514 667 593 710 per
613 667 744 710 quam
767 655 809 696 in
833 667 974 696 rerum
1006 658 1201 696 naturam
1231 658 1489 709 perventura
1519 659 1597 697 est.
1642 674 1659 691 «
1681 657 1789 699 Ver-

357 725 461 768 bum
473 758 483 778 ,
504 746 519 762 »
547 726 714 778 scribit,
748 745 763 760 «
785 738 882 767 cum
901 726 1112 781 principio
1130 726 1387 780 Demiurgus
1404 731 1512 768 esset
1529 731 1785 781 creatorum,

358 798 662 841 condescendit
694 797 748 840 ad
779 811 846 840 res
877 803 1060 852 creatas,
1094 803 1143 840 ut
1172 798 1264 840 fleri
1294 804 1485 854 possent.
1508 800 1656 854 Neque
1677 802 1788 844 enim

357 869 448 925 ejus
479 875 700 923 naturam,
735 882 846 926 quae
877 882 1011 925 purus
1042 871 1177 912 Patris
1207 875 1269 912 est
1299 870 1532 925 splendor,
1566 872 1675 914 ferre
1709 885 1790 928 po-

355 942 558 994 tuissent,
594 941 672 983 nisi
691 973 702 995 ,
727 961 744 977 »
781 954 932 996 graeca
955 942 1110 984 fortius
1135 946 1312 984 currunt
1329 954 1458 997 quarn
1481 943 1630 996 latina,
1658 949 1787 997 φιλαυ-

356 1017 494 1067 Ορωπὶᾳ
529 1024 683 1069 πατρικῄ
728 1017 966 1067 συγκαταβὰς
1006 1017 1249 1067 ἀντελάβετο,
1289 1021 1348 1053 καὶ
1386 1022 1563 1068 κρατήσας
1603 1020 1696 1058 αὔτα
1737 1023 1788 1064 εἷς

355 1091 483 1125 οὐσίαν
513 1093 651 1138 ἤνεγκε.
688 1089 802 1128 Orat.
829 1099 882 1140 11,
904 1087 976 1128 64.
1002 1086 1142 1139 Quare
1164 1087 1366 1141 operibus
1388 1088 1499 1139 suiS,
1530 1087 1633 1131 dum
1664 1103 1786 1133 crea-

354 1158 511 1201 bantur
527 1192 538 1213 ,
571 1163 620 1200 ut
641 1162 907 1211 crearentur,
934 1158 1136 1200 virtutem
1157 1157 1372 1213 quandam
1396 1171 1516 1201 suam
1536 1161 1785 1215 impertiens

354 1229 518 1272 Artifex
547 1230 699 1284 Filius,
741 1229 889 1272 eadem
923 1229 1109 1284 proinde
1139 1230 1438 1284 augustissimo
1479 1230 1667 1275 filiorum
1699 1247 1784 1277 no-

353 1302 467 1343 mine
496 1301 679 1343 donatus
713 1306 803 1354 est;
839 1303 1141 1354 συγιαταβὰντος
1173 1310 1240 1342 τοῦ
1273 1303 1383 1354 λόγου
1402 1332 1413 1353 ,
1445 1303 1589 1358 pergit
1616 1310 1788 1349 sanctus

354 1372 530 1428 doctor,
564 1378 786 1414 υἱοποιεῖται
818 1381 877 1413 καὶ
911 1378 1001 1416 αὐτὸ
1034 1380 1052 1417 ἡ
1093 1381 1211 1419 κτίσις
1257 1376 1295 1415 ὃὶ
1335 1379 1462 1415 αὐτοῦ.
1497 1375 1560 1418 Ex
1590 1389 1679 1431 quo
1709 1377 1786 1432 fit,

354 1449 404 1487 ut
436 1458 524 1488 non
555 1445 687 1489 modo
719 1459 799 1501 per
834 1447 1012 1500 Filium,
1046 1459 1194 1489 verum
1217 1449 1344 1489 etiam
1367 1448 1411 1489 in
1429 1448 1562 1501 Filio,
1588 1454 1638 1491 ut
1658 1450 1784 1505 Apo-

354 1517 489 1559 stolus
533 1518 750 1573 loquitur,
783 1530 928 1560 rerum
958 1519 1206 1561 universitas
1236 1518 1345 1561 facta
1371 1531 1460 1561 esse
1489 1518 1668 1563 dicenda
1698 1523 1752 1564 sit
1770 1555 1782 1577 ‚

354 1602 453 1631 cum
480 1603 568 1632 non
601 1590 809 1632 exteriore
840 1590 980 1631 solum
1011 1589 1215 1632 mandato
1236 1621 1247 1643 ,
1278 1589 1354 1632 sed
1383 1591 1533 1633 intima
1566 1592 1610 1634 vi
1634 1597 1678 1634 et
1698 1594 1786 1636 vir-

353 1665 443 1704 tute
466 1662 647 1716 Spiritus
669 1661 760 1717 ejus
782 1661 1022 1704 consistunt
1051 1666 1092 1703 ct
1117 1667 1366 1716 permanent
1387 1663 1544 1706 omnia.
1576 1682 1592 1699 α
1609 1665 1738 1716 Nam,
1762 1685 1779 1703 »

352 1735 402 1774 ut
425 1733 527 1775 alibi
556 1733 681 1775 docet.
714 1734 954 1775 uberrimus
987 1733 1059 1775 ille
1092 1746 1234 1775 rerum
1269 1733 1506 1777 divinarum
1537 1735 1748 1792 interpres
1766 1771 1779 1792 ,

355 1817 482 1859 quem
524 1806 692 1862 saepius
726 1805 962 1860 appellasse
995 1804 1348 1861 jucundissimum
1382 1810 1469 1860 est,
1513 1826 1530 1843 «
1553 1808 1666 1851 Deus
1695 1822 1784 1853 non

353 1875 493 1918 solum
524 1889 603 1919 nos
636 1889 685 1919 ex
718 1877 854 1919 nihilo
886 1876 1012 1931 fecit,
1047 1876 1121 1919 sed
1148 1878 1274 1920 etiam
1303 1878 1435 1920 Verbi
1467 1880 1601 1933 gratia
1628 1892 1783 1924 secun-

353 1946 456 1988 dum
491 1948 628 1990 Deum
652 1949 796 1990 vivere
822 1949 1047 1991 concessit.
1082 1950 1138 1990 At
1161 1949 1354 1992 homines
1377 1950 1431 1992 ab
1453 1951 1634 1994 aeternis
1653 1952 1783 1996 rebus

353 2019 505 2072 aversi,
531 2018 732 2075 sibiipsis
752 2020 1043 2075 corruptionis
1060 2020 1298 2063 mortiferae
1319 2026 1514 2065 auctores
1533 2022 1633 2065 facti
1653 2029 1778 2079 sunt3

352 2091 427 2146 qui
450 2103 499 2134 ex
524 2096 678 2134 natura
699 2091 875 2147 quidem
895 2093 1095 2135 mortales
1116 2093 1287 2136 fuerunt
1300 2125 1312 2146 ‚
1338 2093 1411 2136 sed
1431 2094 1566 2148 gratia
1586 2095 1629 2136 in
1651 2095 1781 2139 Verbi

351 2163 679 2218 participatione
711 2164 790 2205 sita
823 2168 996 2207 naturae
1019 2168 1175 2207 statum
1198 2164 1457 2220 effugerunt.
1486 2184 1503 2202 »
1538 2167 1587 2207 de
1614 2168 1775 2210 lucam.

358 2236 404 2276 V.
431 2236 485 2274 D.
513 2236 556 2276 5.
579 2235 731 2289 Itaque
753 2234 858 2277 nihil
879 2235 968 2277 fere
989 2240 1053 2278 est
1077 2240 1286 2290 creatum,
1319 2236 1440 2291 quod
1469 2249 1558 2280 non
1588 2239 1778 2292 genitum

351 2305 404 2346 sit
440 2317 639 2360 quoque;
673 2319 773 2349 cum
803 2311 956 2350 contra
986 2320 1075 2349 non
1105 2311 1217 2350 stent
1246 2308 1290 2350 in
1310 2307 1408 2350 loco
1429 2320 1531 2362 suo,
1563 2307 1639 2351 sed
1660 2314 1776 2353 retro

352 2375 487 2418 fluant
518 2381 560 2419 et
590 2381 765 2432 pereant
781 2410 793 2432 ‚
829 2378 911 2420 nisi
940 2379 1074 2421 vitam
1106 2378 1323 2434 quandam
1352 2391 1378 2422 a
1407 2379 1608 2422 Creatore
1635 2382 1777 2436 perci-

349 2446 467 2501 piant
500 2448 638 2511 intus,
684 2448 1007 2504 superadditam
1038 2451 1243 2493 creationi
1273 2463 1385 2493 suae.
1421 2450 1608 2494 Proinde
1647 2453 1778 2497 Atha-

350 2518 457 2560 nasii
487 2531 582 2561 mos
614 2523 678 2561 est
706 2520 752 2562 in
783 2521 954 2576 scriptis
983 2522 1093 2575 suis,
1122 2526 1172 2564 ut
1193 2534 1261 2564 res
1282 2525 1444 2565 creatas
1463 2522 1608 2577 potius
1628 2525 1776 2580 appel-

348 2588 408 2630 let
438 2590 601 2645 genitas
632 2602 760 2646 quam
790 2591 920 2636 factas
949 2593 1020 2635 vel
1050 2605 1201 2649 opera,
1234 2599 1368 2646 γενητὰ
1389 2605 1464 2636 seu
1485 2601 1662 2649 γεννητὰ,
1686 2608 1775 2639 non

349 2667 532 2712 ποιήματα
563 2665 606 2704 et
637 2664 751 2717 ἔργα,
783 2675 872 2719 quo
903 2665 1207 2708 sanctissimam
1236 2665 1349 2709 hanc
1383 2665 1594 2722 exprimat
1622 2667 1776 2710 verita-

349 2734 466 2786 tem;
502 2739 630 2777 cauto
650 2738 794 2779 tamen
816 2748 1008 2792 semper,
1041 2738 1203 2792 gratiae
1224 2736 1331 2781 illud
1349 2749 1439 2781 esse
1459 2749 1547 2781 non
1570 2742 1771 2792 naturae,

349 2802 512 2848 donum
540 2806 754 2851 creatoris
788 2819 878 2851 non
910 2812 1128 2854 creaturae
1157 2809 1406 2867 proprium,
1438 2809 1558 2867 quod
1587 2809 1773 2856 mundus
