1988 3366
970 183 1205 224 ...12—

379 263 477 304 vina
495 293 507 315 ,
541 261 616 305 sed
651 273 703 304 ex
739 275 790 305 eo
830 264 1036 319 originem
1066 267 1248 321 caepisse
1268 267 1320 319 (5)
1349 266 1468 323 quod
1496 267 1684 311 Verbum
1712 269 1790 311 Dei

379 335 708 390 sempiternum,
746 348 821 379 seu
854 338 960 388 λόγος
993 338 1222 389 ἐνδιάθετος,
1253 339 1373 394 quod
1401 340 1552 383 Divina
1581 340 1790 396 quaedam

378 409 441 447 est
470 406 594 448 Ratio
613 439 624 460 ,
657 420 745 449 sese
776 409 1103 453 manifestaverit
1130 413 1175 453 in
1205 423 1348 465 carne,
1380 411 1423 453 in
1452 411 1672 467 hypostasi
1706 412 1788 454 sci-

375 475 475 518 licet
491 478 590 519 Jesu
606 478 784 532 Christi,
800 480 892 522 Filii
908 481 1090 536 Mariae,
1116 483 1167 534 (6)
1185 481 1300 524 hunc
1317 482 1463 537 itaque
1482 495 1616 524 unum
1631 484 1784 534 Deum,

378 559 454 589 seu
479 550 620 601 μονάδα
639 581 651 604 ,
695 550 1014 605 quodammodo
1050 565 1095 594 se
1133 553 1295 608 aperire
1337 553 1471 596 solere
1504 554 1574 596 vel
1613 552 1789 596 dilatare

378 620 663 677 (πλατύνεσθαι)
682 627 731 665 ut
747 635 825 664 nos
843 623 982 666 salvos
997 624 1143 678 faciat3
1172 624 1210 677 (7
1225 629 1267 666 et
1283 626 1321 678 8)
1347 637 1474 680 quam
1497 624 1790 668 dilatationem

377 703 465 734 csse
485 693 697 736 actionem
715 694 930 749 quandam
943 726 955 749 ,
986 708 1059 738 seu
1082 698 1266 749 ἐνέργειαν
1283 728 1295 751 ,
1317 696 1448 739 Verbi
1466 729 1478 751 ,
1514 709 1599 752 qna
1617 695 1667 738 fit
1683 695 1788 748 λόγος

375 782 401 802 π
402 779 492 816 ροφο
496 772 595 817 ρικὸς
613 797 624 819 ,
648 778 723 808 seu
743 767 838 808 Vox
859 766 966 820 Dei,
988 780 1084 809 cum
1103 768 1266 823 alioqui
1284 769 1337 810 sit
1357 768 1482 811 Ratio
1504 768 1710 822 interior3
1735 770 1787 822 (9)

374 836 527 879 harum
543 842 684 879 autem
705 837 999 880 dilatationum
1016 839 1226 894 singulare
1250 851 1338 882 esse
1358 839 1571 895 specimen
1588 841 1791 882 Incarna—

371 908 531 949 tionem
542 908 686 963 Verbi,
709 909 867 951 scilicet
882 909 1174 952 dilatationem
1185 911 1229 953 in
1244 923 1368 953 carne
1381 910 1565 952 hominis
1575 912 1598 953 J
1602 924 1691 964 esu,
1704 912 1785 964 (10)

371 991 501 1032 quam
530 980 760 1034 susceperit
787 980 959 1022 ineunte
989 980 1301 1035 dispensatione
1344 981 1620 1036 Evangelica,
1661 993 1788 1036 quam

371 1055 549 1092 exeunte
565 1052 811 1093 relicturum
839 1052 895 1094 sit
914 1053 947 1104 (1
963 1053 1013 1104 l).
1048 1052 1172 1108 Sequi
1202 1052 1321 1105 inde,
1353 1052 1543 1095 Verbum
1578 1065 1668 1094 non
1697 1065 1786 1095 esse

371 1121 545 1175 Filium,
574 1124 655 1175 (12)
677 1136 754 1165 nec
774 1125 851 1165 Dei
873 1124 1129 1179 Imaginem,
1164 1124 1375 1167 Christum
1391 1155 1403 1178 ,
1432 1125 1783 1179 Primogenitum,

371 1195 555 1248 Regem,
588 1194 660 1236 sed
691 1196 836 1237 Jesum
865 1208 954 1238 esse
984 1196 1087 1238 haec
1117 1198 1284 1238 omnia:
1321 1195 1439 1250 quod
1465 1196 1503 1238 si
1534 1208 1584 1238 ea
1612 1195 1784 1251 praedi-

372 1269 520 1307 cantur
550 1265 602 1308 de
632 1266 772 1309 Verbo
803 1268 848 1308 in
875 1267 1102 1322 Scripturis
1124 1269 1176 1309 V.
1203 1268 1251 1309 Τ.
1276 1267 1574 1322 propheticum
1594 1267 1703 1310 illud
1725 1272 1787 1310 est

369 1341 549 1391 propter
577 1337 762 1380 futuram
789 1351 908 1381 suam
930 1340 983 1386 ⁴in
1017 1351 1140 1380 carne
1162 1338 1566 1391 manifestationem,
1592 1340 1674 1391 (13)
1705 1351 1783 1380 ne-

370 1421 453 1463 que
484 1409 793 1464 dispensatione
823 1410 1018 1453 absoluta
1048 1410 1180 1452 tribui
1208 1414 1412 1464 poterunt
1441 1409 1586 1452 eadem
1613 1410 1756 1452 Verbo
1770 1442 1782 1463 ,

370 1493 540 1522 carnem
557 1486 662 1524 tunc
681 1483 882 1524 relicturo
898 1513 910 1536 ,
934 1495 1066 1537 regno
1089 1495 1133 1525 se
1156 1481 1425 1536 abdicaturo,
1451 1481 1506 1524 ad
1521 1483 1657 1524 Deum
1674 1481 1786 1524 redi-

368 1556 468 1595 turo
485 1584 497 1606 ,
531 1553 672 1596 Verbo
703 1566 822 1596 mero
852 1558 902 1596 ut
931 1559 1053 1597 antea
1081 1554 1243 1597 futuro.

457 1626 574 1667 Haec
601 1626 672 1668 ille
697 1639 708 1666 ι
742 1638 881 1681 neque
915 1631 977 1668 est
1006 1639 1082 1668 cur
1117 1625 1243 1668 fidem
1283 1624 1537 1680 denegemus
1572 1625 1779 1679 Eusebio,

369 1696 527 1738 Ariano
558 1697 719 1739 homini
735 1728 747 1750 ,
790 1698 859 1739 vel
897 1698 1149 1739 Arianorum
1179 1700 1292 1739 certe
1322 1697 1505 1750 fautori,
1544 1698 1618 1752 qui
1634 1728 1645 1750 ,
1691 1701 1784 1740 tum

368 1769 677 1810 contrariarum
698 1769 883 1823 partium
905 1768 1046 1811 studio
1062 1772 1152 1810 tum
1172 1772 1353 1823 propter
1385 1768 1643 1810 contrariam
1664 1780 1783 1810 suam

367 1838 616 1893 perfidiam,
647 1839 835 1894 iniquius
863 1840 1026 1882 laturus
1056 1843 1163 1882 esset
1188 1837 1398 1893 judicium
1429 1838 1482 1881 de
1510 1839 1784 1894 opinionibus

367 1910 569 1952 Marcelli.
601 1911 709 1952 Nam
737 1911 944 1965 ipsissima
973 1909 1104 1952 verba
1133 1909 1319 1952 Marcelli
1349 1910 1450 1952 citat
1479 1910 1662 1965 scriptor
1683 1910 1780 1963 ille;

367 1981 421 2023 ab
441 1982 622 2024 aliorum
641 1986 782 2024 autem
797 1982 1039 2024 testimonio
1058 1981 1349 2024 confirmatur.
1364 1983 1585 2024 Praeterea
1599 1983 1633 2024 si
1653 1982 1784 2024 Atha-

368 2054 510 2095 nasius
539 2054 583 2095 in
618 2053 731 2095 libro
771 2053 856 2095 hoc
894 2058 1048 2108 quarto
1091 2053 1297 2095 haeresim
1336 2051 1550 2106 quandam
1585 2051 1784 2094 describit

367 2124 622 2166 simillimam
651 2124 764 2166 illius
793 2136 903 2179 quae
932 2123 1132 2166 Marcello
1163 2122 1215 2165 ab
1246 2122 1427 2164 Eusebio
1448 2121 1675 2176 tribuitur,
1701 2122 1783 2164 du-

365 2196 465 2250 plex
493 2195 578 2237 hoc
607 2195 896 2237 testimonium
925 2194 1154 2237 Eusebium
1183 2193 1462 2246 corroborat,
1508 2193 1784 2236 Athanasium

367 2268 688 2321 interpretatur.
714 2266 968 2308 Photiniana
985 2277 1118 2321 porro
1147 2265 1370 2319 doctrina,
1405 2277 1431 2306 a
1453 2264 1641 2306 Marcelli
1661 2264 1784 2307 audi-

364 2339 479 2380 torio
519 2338 735 2392 profecta,
768 2339 813 2380 in
843 2339 893 2380 iis
923 2342 1065 2380 autem
1094 2337 1259 2392 placitis
1289 2338 1368 2378 sita
1399 2348 1506 2391 quae
1536 2340 1634 2378 ante
1665 2336 1782 2378 illam

367 2415 505 2452 ortam
536 2410 739 2452 Eusebius
763 2411 990 2465 assignavit
1009 2409 1207 2452 Marcello
1230 2440 1241 2463 ,
1274 2412 1571 2463 argumentum
1591 2412 1654 2450 est
1674 2407 1781 2450 vali-

368 2481 468 2523 dum
483 2514 495 2535 ,
518 2481 845 2523 eruditissimum
864 2481 978 2523 hune
994 2512 1006 2535 ,
1027 2481 1128 2523 licet
1147 2480 1380 2532 lubricum,
1404 2478 1655 2533 theologum
1670 2479 1784 2520 Mar-

367 2553 462 2594 celli
493 2552 681 2594 animum
710 2556 753 2594 et
783 2552 1005 2594 consilium
1034 2556 1147 2594 recte
1179 2551 1397 2594 divinasse.

453 2625 576 2665 Nunc
603 2623 767 2677 singula
796 2623 1019 2666 haereseos
1049 2624 1188 2678 capita
1207 2653 1219 2675 ,
1261 2634 1369 2677 quae
1404 2633 1531 2676 supra
1565 2620 1781 2675 percurri-

367 2707 461 2737 mus
475 2726 487 2748 ,
519 2695 772 2738 testimoniis
802 2695 938 2737 allatis
965 2695 1236 2738 illustremus.

457 2769 508 2818 (1)
540 2767 676 2808 Unam
706 2765 998 2809 tantummodo
1028 2767 1072 2808 in
1095 2767 1258 2808 Deitate
1277 2776 1363 2809 esse
1383 2775 1634 2819 personam:
1668 2762 1779 2805 Scri-

1976 3107 1988 3116 ἱ
1978 3006 1988 3096 ,ιι-,Α
