1988 3366
162 293 358 341 πορεύεται
376 318 384 326 .
403 317 412 326 .
431 317 440 326 .
458 290 502 327 οὗ
519 296 636 342 σαφῶς
652 293 712 327 καὶ
735 297 895 341 φανερῶς
917 291 1073 328 ἐνταῦθα
1094 291 1284 343 ἀπορῤἡτῳ
1306 291 1402 343 λόγῳ
1412 298 1431 335 ἡ
1468 300 1581 345 μονὰς

165 367 329 413 φαίνεται
344 364 589 415 πλατυνομὲνη
621 367 684 415 μὲν
716 365 765 407 εἰς
798 363 934 413 τριάδα
953 391 964 412 ,
990 363 1222 414 διαιρεῖσθαι
1244 364 1284 401 δὲ
1306 365 1476 418 μηδαμῶς
1494 371 1583 406 ὑπο-

163 436 344 484 phanum
374 431 528 474 Euseb.
550 444 596 487 p.
627 434 723 476 168.
749 446 788 476 a.
811 433 858 475 b.
885 434 1019 476 Etiam
1039 445 1116 488 pp.
1145 435 1239 487 108,
1262 435 1309 477 b.
1335 448 1374 478 e.
1401 438 1498 492 114,
1529 439 1575 480 b.

250 503 379 559 Apud
397 502 710 546 'theodoretum
733 516 907 560 quoque
924 503 1168 547 Marcellum
1189 507 1370 550 tenuisse
1382 507 1579 563 legimus:

153 574 330 614 ’ἛκἹασίν
361 591 444 614 τινα
475 584 536 619 τῆς
569 582 634 614 τοῦ
666 583 805 629 πατρὸς
837 577 1004 620 Οεότητος
1023 606 1032 615 .
1054 605 1062 615 .
1083 605 1092 614 .
1115 582 1206 631 μετὰ
1228 578 1268 617 δε
1292 586 1354 622 τὴν
1388 587 1582 633 σύμπασαν

165 651 370 700 οἰκονομίαν
399 650 507 686 πάλιν
539 650 813 687 ἀνασπασθῇναι
836 654 896 686 καὶ
930 651 1151 692 συσταλῆναι
1184 656 1273 702 πρὸς
1298 658 1361 691 τὸν
1392 659 1482 691 Θεὸν
1502 682 1513 703 ,
1546 656 1581 700 ἐξ

165 715 280 772 οὗπερ
312 721 470 765 ἐξετάθη·
506 726 546 758 τὸ
578 719 618 757 δὲ
649 725 825 772 πανὰγιον
856 728 994 773 πνεῦμα
1023 725 1247 774 παρίκτασιν
1279 732 1340 767 τῆς
1373 727 1549 770 ἐκτάσεως
1569 756 1581 777 ‚

165 796 225 829 καὶ
255 796 388 834 ταύτην
419 799 495 834 τοῖς
526 793 746 836 ἀποστόλοις
777 797 1069 845 παρασχεθῆναι.
1102 797 1230 838 Haer.
1254 807 1308 850 11,
1333 799 1400 839 10.
1424 798 1580 841 Nesto-

164 863 253 904 rius
272 875 444 918 quoque
462 864 694 907 Photinum
726 866 828 907 citat
857 865 1094 908 dicentem:
1133 866 1296 910 «Vides
1315 869 1416 923 quia
1445 871 1583 912 Deum

166 934 354 976 Verbum
373 935 600 990 aliquando
623 937 774 990 Deum,
795 936 1024 991 aliquando
1047 936 1236 980 Verbum
1259 939 1467 994 appellat,
1490 945 1586 983 tan-

167 1018 296 1060 quam
328 1011 546 1049 extensum
574 1011 701 1063 atque
731 1008 972 1050 collectum.
1005 1027 1022 1043 »
1057 1008 1230 1052 Meroat.
1251 1013 1284 1050 t.
1309 1011 1351 1052 2.
1370 1023 1417 1066 p.
1437 1013 1509 1054 87.

255 1078 306 1129 (7)
338 1077 636 1120 Dilatationem
658 1078 768 1121 hano
780 1080 866 1122 sive
886 1082 1096 1134 πλατυσμὸν
1113 1080 1342 1124 consistere
1355 1083 1400 1124 in
1415 1083 1584 1126 actione

168 1160 254 1189 Slve
284 1151 448 1201 ἐνεργείᾳ
471 1158 537 1189 τοῦ
570 1151 748 1202 μονάδος.

255 1219 442 1263 Verbum
474 1221 598 1264 docet
627 1221 874 1277 Marcellus,
906 1224 1069 1275 ἐνεργείᾳ
1098 1223 1184 1276 μόνῃ
1203 1253 1215 1275 ,
1250 1224 1313 1262 διὰ
1336 1231 1398 1268 τὴν
1432 1231 1580 1279 σάρκα,

165 1302 393 1349 κεχωρὲσθαι
425 1306 490 1337 τοῦ
521 1306 673 1351 πατρὸς.
707 1299 862 1341 Euseb.
894 1312 939 1355 p.
968 1301 1040 1342 51.
1067 1311 1107 1342 a.

251 1369 519 1425 Quapropter
541 1375 854 1425 argumentatur
873 1370 1099 1427 Eusebius,
1126 1376 1187 1412 τόν
1204 1373 1360 1425 μονάδα,
1380 1372 1471 1432 [ως]
1495 1383 1580 1427 φησὶ

167 1444 394 1494 Μάρκελλός,
426 1446 590 1496 ἐνεργείᾳ
623 1447 899 1492 πλατύνεσθαι,
934 1446 991 1482 ἐπὶ
1023 1449 1084 1496 μὲν
1116 1448 1289 1497 σωμάτων
1312 1453 1438 1498 χώραν
1464 1452 1544 1499 ἔχει
1567 1478 1579 1499 ⁷

166 1513 222 1550 ἐπὶ
256 1514 295 1550 δὲ
326 1524 384 1558 τὴς
415 1518 607 1568 ἀσωμάτου
642 1519 766 1558 οὐσίας
791 1518 853 1554 οὐκ
875 1518 940 1556 ἔτι·
973 1517 1058 1554 οὐδὲ
1080 1521 1157 1569 γὰρ
1178 1521 1212 1555 ἐν
1235 1521 1286 1570 τῷ
1308 1521 1468 1570 ἐνεργεῖν
1491 1524 1582 1559 πλα-

165 1588 336 1634 τύνεΊαι,
370 1588 450 1625 οὐδ’
482 1590 517 1626 ἐν
550 1590 602 1639 τῷ
630 1595 674 1641 μὴ
707 1590 866 1641 ἐνεργεῖν
900 1590 1150 1628 συστέλλεται.
1169 1602 1214 1644 p.
1240 1590 1398 1632 108.b.
1419 1604 1458 1633 c.

251 1655 440 1699 Adeatur
459 1670 632 1714 quoque
655 1658 708 1701 ad
724 1663 889 1702 sextum
907 1663 950 1702 et
969 1659 1195 1714 septimum
1215 1660 1439 1704 anathema
1467 1662 1583 1705 Con-

165 1727 248 1769 cilii
278 1729 511 1772 Sirmiensis
538 1731 690 1786 primi,
728 1733 772 1773 in
803 1731 958 1786 quibus
991 1731 1239 1774 Marcellum
1268 1736 1311 1774 et
1349 1733 1582 1778 Photinum

166 1798 281 1841 feriri
317 1812 367 1842 ex
400 1802 549 1855 quinto
580 1802 851 1845 Macrostichi
879 1802 1078 1845 facillime
1106 1803 1391 1846 concluditur.

256 1871 308 1922 (8)
339 1872 445 1913 Tum
471 1873 657 1927 primum
687 1872 878 1915 Verbum
905 1873 1032 1916 fuisse
1066 1874 1113 1917 in
1143 1877 1320 1927 ἐνεργείᾳ,
1339 1887 1437 1918 cum
1456 1889 1583 1920 mun-

170 1940 272 1983 dum
296 1947 476 1985 crearet:

255 2014 413 2058 Οὑὸενός
437 2017 538 2058 ὄντος
562 2016 761 2068 πρότερον,
778 2015 904 2059 docet
919 2016 1164 2072 Marcellus,
1187 2016 1205 2062 ἦ
1224 2026 1316 2057 Θεοῦ
1338 2019 1464 2071 μόνον,
1490 2025 1583 2060 πάν-

167 2102 236 2124 των
261 2086 300 2123 δὲ
322 2088 386 2125 διὰ
407 2096 471 2126 τοῦ
503 2088 612 2139 λόγου
641 2094 828 2140 γίγνεσθαι
857 2090 1053 2141 μελλόντων
1073 2119 1083 2140 ‚
1106 2094 1285 2142 προῆλθεν
1309 2097 1327 2129 ὁ
1350 2093 1455 2143 λόγος
1487 2094 1583 2146 δρα-

168 2167 271 2211 στικῂ
304 2161 478 2211 ἐνεργείᾳ.
516 2160 668 2202 Euseb.
702 2173 748 2216 p.
775 2161 848 2202 41.
882 2160 926 2203 d.
959 2162 1013 2203 Et
1043 2162 1246 2205 continuo
1267 2195 1279 2218 ‚
1320 2171 1390 2216 πρὸ
1422 2173 1488 2204 τοῦ
1520 2173 1581 2206 τὸν

170 2230 301 2282 κόσμον
337 2232 431 2270 εἶναι
461 2233 499 2276 ἦν
536 2237 553 2270 ὁ
586 2234 690 2284 λόγος
722 2234 758 2270 ἐν
795 2235 846 2285 τῷ
875 2238 999 2284 πατρί·
1037 2231 1096 2273 ὅτε
1130 2235 1170 2272 δὲ
1203 2239 1220 2273 ὁ
1251 2241 1339 2279 Θεὸς
1371 2243 1582 2290 παντοκρά-

169 2317 246 2354 τωρ
276 2308 397 2342 πάντα
428 2310 475 2344 τὰ
506 2307 541 2344 ἐν
578 2307 745 2357 οὗράνοις
784 2312 845 2344 καὶ
877 2307 932 2344 ἐπὶ
964 2316 1026 2357 γης
1058 2311 1236 2359 προύθετο
1269 2317 1447 2358 ποιῆσαι,
1479 2312 1583 2361 ἐνερ-

169 2380 270 2425 γείας
306 2379 325 2418 ἡ
348 2383 412 2416 τοῦ
435 2380 573 2430 κόσμου
604 2381 743 2430 γένεσις
774 2378 892 2417 ἐδεῖτο
925 2379 1152 2431 ὃραστικῆς,
1186 2387 1246 2418 καὶ
1279 2381 1344 2418 διὰ
1381 2389 1489 2420 τοῦτο
1513 2411 1521 2420 .
1542 2410 1550 2419 .
1570 2411 1579 2419 .

170 2450 189 2483 ὁ
219 2447 323 2499 λόγος
353 2452 538 2502 προελθὼν
565 2452 705 2502 ἐγένετο
738 2458 803 2491 τοῦ
836 2450 970 2503 κόσμον
1001 2459 1158 2495 ποιητής·
1181 2454 1283 2495 ibid.

257 2521 310 2572 (9)
341 2521 578 2566 consistere
601 2522 941 2565 Incarnationem
964 2523 1095 2566 Verbi
1115 2525 1160 2566 in
1189 2524 1437 2567 dilatatione
1460 2524 1583 2581 [πλα-

169 2589 316 2647 τυσμῷ]
331 2592 538 2636 Monados
553 2624 566 2647 ‚
590 2593 660 2635 vel
680 2594 847 2636 actione
878 2591 1098 2652 [ἐνεργείᾳ]
1129 2595 1257 2638 Verbi
1280 2596 1324 2638 in
1347 2609 1486 2651 carne,
1509 2610 1582 2640 seu

168 2660 338 2706 homine
375 2665 475 2707 Jesu
511 2664 708 2708 Christo:

257 2738 298 2772 El
327 2740 389 2788 μὲν
409 2741 428 2778 ἡ
451 2745 517 2776 τοῦ
546 2742 749 2790 πνεύματος
770 2739 929 2784 ἐξέτασις
947 2768 958 2788 ,
978 2738 1118 2794 inquit
1136 2739 1382 2792 Marcellus,
1411 2746 1580 2792 ’γίγνοιτο

168 2805 255 2857 μόνη
275 2836 286 2858 ,
316 2805 350 2848 ἔν
384 2815 440 2848 καὶ
460 2811 590 2850 ταύτὸν
621 2811 765 2854 εἰκότως
796 2810 891 2850 ε’ναι
912 2813 964 2863 Ίῷ
995 2814 1072 2862 Θεῷ
1104 2817 1281 2863 φαίνοιτο·
1318 2815 1348 2850 εἰ
1374 2813 1413 2850 δὲ
1446 2817 1464 2854 ἡ
1488 2819 1582 2851 κατὰ
