1950 3340
110 297 360 343 effutiebant
374 328 386 351 ,
405 297 451 340 id
470 297 627 353 pariter
647 296 832 339 ostendit
849 299 1015 338 sanctus
1031 294 1196 338 Doctor
1214 300 1366 340 contra
1381 296 1521 352 ipsum

113 374 279 415 Patrem
309 383 434 425 posse
465 370 754 424 contorqueri.
795 387 810 403 «ι
833 369 944 411 Num
971 366 1046 422 qui
1076 370 1140 409 est
1170 367 1309 421 Deus,
1334 386 1351 404 »
1387 369 1523 411 inter-

110 447 255 499 rogat,
283 461 299 477 α
328 453 425 484 cum
453 444 575 482 antea
594 452 681 482 non
710 443 839 493 esset,
869 441 1017 494 postea
1034 437 1171 480 factus
1191 441 1279 491 est,
1311 439 1381 482 vel
1406 444 1524 483 estne

111 514 237 555 etiam
265 513 513 567 priusquam
538 512 734 567 gignatur
765 510 885 563 (fiat)
905 510 928 552 ⁶?
951 530 967 546 υ
1004 510 1118 551 Orat.
1139 521 1173 564 1,
1208 510 1281 551 25.
1322 512 1380 553 At
1415 511 1523 554 illud

116 606 132 619 «ι
150 585 230 636 Qui
250 588 312 626 est
325 597 475 626 eumne
492 583 567 638 qui
586 582 777 625 nondum
793 586 901 624 esset
919 585 999 623 etc.
1018 601 1034 617 »
1051 582 1091 633 (ὁ
1107 578 1151 620 ὧν
1170 588 1230 622 τὸν
1251 589 1294 635 μὴ
1312 587 1399 622 ὄντα
1414 587 1519 637 etc.)

112 660 406 711 argumentum
439 667 615 710 prorsus
645 658 729 707 est,
764 666 851 695 non
880 665 996 695 mera
1023 653 1286 708 propositio,
1323 654 1454 710 idque
1473 668 1522 698 ex

111 726 297 768 absurdo
335 726 533 779 ductum3
566 737 668 779 ergo
691 723 899 778 ejusmodi
929 729 1019 777 est,
1065 743 1080 759 α
1105 725 1355 780 Priusquam
1378 727 1524 780 gigne-

111 803 227 839 retur
253 811 339 839 non
357 801 463 839 erat.
484 817 498 833 »
524 796 649 849 Quod
668 796 792 851 plane
815 794 1089 838 confirmatur
1106 808 1155 838 ex
1172 796 1398 839 Alexandri
1417 798 1520 853 Epi-

108 868 221 910 stola
255 869 479 923 Eneyclica
515 880 612 909 cum
648 867 737 908 Arii
772 871 923 908 contra
952 866 1239 910 Alexandrum
1282 870 1418 923 prima
1454 870 1525 912 illa

111 938 397 992 disputatione
425 943 467 980 et
501 938 870 980 Anathematismis
899 937 1090 979 Nicaenis
1112 945 1369 993 comparata.
1393 941 1518 995 Nam,

109 1023 207 1051 cum
238 1023 288 1051 ex
316 1010 382 1051 his
411 1010 561 1064 triplex
589 1009 810 1052 conficitur
839 1009 1153 1061 testimonium,
1188 1012 1334 1064 quales
1366 1012 1522 1055 fuerint

111 1081 317 1122 formulae
346 1082 448 1122 istae
478 1082 520 1122 in
552 1081 707 1135 quibus
737 1080 875 1134 posita
905 1084 967 1121 est
999 1080 1178 1122 haeresis
1210 1083 1383 1133 Ariana,
1410 1083 1522 1125 nulla

110 1152 191 1193 alia
221 1152 264 1192 in
293 1165 338 1193 re
370 1152 449 1193 sibi
484 1151 722 1206 discrepat,
755 1151 835 1192 nisi
861 1151 903 1191 in
938 1151 1043 1202 hac,
1077 1151 1220 1205 quod,
1245 1154 1401 1194 omisso
1438 1172 1453 1188 «
1479 1156 1521 1196 Si

109 1223 268 1275 Filius,
316 1234 418 1276 ergo
457 1222 586 1264 habet
626 1222 788 1263 initium
830 1221 1056 1275 existendi,
1092 1241 1108 1257 »
1152 1223 1284 1277 ipsius
1322 1225 1440 1277 Arii,
1481 1231 1522 1268 et

117 1312 131 1327 α
157 1294 408 1348 Priusquam
428 1294 672 1347 gigneretur
693 1305 778 1334 non
793 1297 898 1346 erat,
920 1312 935 1328 n
962 1293 1324 1347 Anathematismi,
1339 1295 1521 1337 Alexan-

111 1363 187 1405 der
208 1364 396 1418 Epistola
416 1377 488 1406 sua
508 1365 712 1418 supponit
741 1369 756 1402 ὁ
788 1362 831 1401 ὢν
865 1372 927 1402 τὸν
959 1371 1002 1416 μὴ
1035 1366 1123 1403 ὄντα
1152 1369 1233 1407 ete.
1273 1366 1436 1418 «Quod
1458 1372 1520 1409 est

110 1447 259 1476 eumne
291 1436 364 1489 qui
394 1447 482 1477 non
501 1440 608 1477 esset
631 1439 712 1478 etc.
737 1454 752 1470 »
781 1435 956 1478 Accedit
983 1435 1102 1491 quod
1132 1436 1211 1477 sibi
1242 1437 1422 1479 invicem
1452 1451 1520 1480 re-

110 1505 322 1559 spondent
350 1506 446 1548 illae
476 1506 584 1548 duae
602 1537 613 1559 ,
637 1507 679 1548 in
700 1506 805 1548 locis
835 1507 1028 1561 Gregorii
1055 1508 1299 1549 Nazianzeni
1320 1513 1362 1550 et
1380 1510 1521 1552 Basilii

110 1576 220 1618 infra
250 1576 455 1630 laudatis,
486 1582 528 1619 et
552 1578 595 1619 in
621 1578 765 1632 cyrilli
797 1579 985 1620 Thesaur.
1014 1581 1056 1620 4.
1082 1591 1127 1633 p.
1153 1580 1225 1621 29.
1239 1582 1320 1630 fin.

230 1650 270 1688 5.
305 1648 438 1690 Multa
466 1652 563 1689 sunt
595 1653 751 1690 temere
778 1648 891 1703 jacta
921 1650 965 1691 in
998 1651 1269 1693 Orationibus
1298 1652 1521 1695 Athanasii

110 1730 220 1771 quae
248 1719 469 1760 nobiscum
493 1719 655 1761 faciunt
685 1721 729 1762 in
756 1721 835 1762 hac
862 1734 921 1762 re.
955 1723 1060 1763 Nam
1095 1723 1132 1763 si
1162 1723 1418 1765 Arianorum
1449 1725 1518 1766 di-

108 1793 226 1830 ctum
256 1789 385 1842 illud,
410 1791 543 1831 «Non
572 1795 661 1831 erat
693 1795 916 1845 antequam
946 1792 1214 1846 gigneretur,
1241 1812 1257 1827 υ
1293 1805 1519 1847 argumen—

110 1864 202 1901 tum
235 1864 323 1901 erat
342 1891 353 1913 ,
387 1865 435 1901 ut
454 1862 774 1915 confirmamus,
797 1867 944 1904 contra
972 1863 1066 1904 Filii
1090 1864 1402 1916 aeternitatem,
1427 1870 1518 1907 tum

111 1932 355 1986 responsuri
388 1937 523 1974 essent
554 1933 785 1987 Catholici,
832 1936 978 1976 «Vere
1008 1934 1167 1976 dictum
1204 1940 1267 1977 est
1306 1937 1520 1978 Christum

110 2015 196 2043 non
227 2015 315 2044 esse
340 2007 564 2057 antequam
601 2004 815 2057 gignitur3
849 2018 936 2046 esse
973 2018 1059 2046 non
1090 2010 1230 2060 potest
1264 2011 1385 2058 ante,
1421 2008 1520 2061 quia

109 2073 298 2127 gignitur
321 2074 373 2115 ab
396 2075 655 2126 aeternitate,
681 2080 830 2130 utpote
859 2076 912 2117 ab
937 2081 1105 2118 aeterno
1127 2078 1270 2130 Patre3
1293 2097 1308 2112 »
1334 2077 1378 2119 id
1400 2079 1521 2132 quod

111 2158 156 2187 re
184 2145 275 2199 ipsa
305 2146 536 2199 reperimus
560 2145 717 2187 dictum
740 2147 791 2187 ab
817 2148 1061 2189 Athanasio.
1102 2166 1118 2182 «
1142 2149 1222 2190 Res
1245 2153 1405 2190 creatae
1426 2149 1518 2191 fieri

110 2221 370 2271 coeperunt,
391 2217 604 2270 (γίνεσθαι)
629 2237 644 2252 »
669 2217 838 2269 scribit3
863 2237 878 2252 «ι
900 2223 941 2259 at
962 2219 1038 2259 Dei
1058 2218 1268 2271 Verbum,
1293 2232 1387 2260 cum
1405 2220 1521 2274 prin-

111 2287 270 2341 cipium
293 2301 341 2329 ex
362 2301 448 2342 quo
473 2289 550 2342 sit,
583 2289 731 2342 (ἀρχὴν)
754 2290 915 2330 nullum
939 2289 1094 2330 habeat
1114 2320 1125 2341 ‚
1159 2290 1309 2331 merito
1337 2303 1412 2331 nec
1433 2303 1520 2332 esse

111 2370 189 2398 nec
218 2357 310 2399 fieri
340 2360 479 2413 caepit
500 2391 511 2412 ,
543 2361 617 2402 sed
645 2373 809 2414 semper
831 2361 924 2401 fuit.
958 2361 1096 2414 Opera
1119 2361 1248 2415 igitur
1269 2362 1521 2415 principium

112 2430 306 2483 (ἀρχὴν),
342 2443 440 2472 cum
466 2431 599 2484 fiunt,
634 2432 811 2483 habent3
843 2432 961 2485 qnod
983 2431 1157 2486 quidem
1180 2433 1434 2487 principium
1454 2446 1522 2474 re-

108 2499 214 2554 bus,
248 2513 357 2556 quae
387 2501 522 2555 liunt,
557 2504 676 2557 prius
697 2507 784 2556 est3
818 2503 1008 2545 Verbum
1036 2508 1176 2545 autem
1197 2534 1209 2555 ,
1242 2516 1340 2544 cum
1360 2516 1446 2545 non
1466 2503 1522 2545 sit

109 2583 159 2612 ex
186 2584 362 2615 numero
399 2585 542 2615 rerum
579 2586 687 2628 quae
716 2573 824 2616 fiunt
843 2604 854 2626 ,
888 2573 978 2628 ipse
1009 2574 1150 2628 potius
1187 2586 1325 2615 rerum
1357 2573 1520 2627 prinei-

110 2642 225 2696 pium
257 2643 502 2686 habentium
533 2644 776 2698 demiurgus
807 2650 885 2687 est.
920 2645 1081 2686 Deinde
1107 2646 1246 2699 ipsum
1271 2657 1359 2686 esse
1380 2657 1521 2686 rerum

110 2713 314 2756 saetarum
343 2715 387 2756 in
417 2728 467 2758 eo
499 2716 594 2771 ipso
635 2716 755 2770 quod
793 2716 901 2758 fiunt
940 2729 1179 2758 mensuram
1217 2716 1344 2758 habet
1375 2718 1440 2767 (ἐν
1471 2733 1520 2765 τῳ

110 2788 330 2841 γίνεσθαι),
362 2798 519 2842 eosque
557 2789 668 2830 Deus
707 2787 760 2830 ab
799 2787 945 2842 aliquo
984 2788 1196 2843 principio
1228 2800 1302 2843 per
1335 2786 1521 2830 Verbum
