1950 3340
799 166 1037 206 —55-

199 248 244 290 in
275 261 319 290 se
357 248 512 291 habeat
553 249 664 291 lianc
705 249 887 291 formam
917 248 1272 304 pulchritudinis,
1305 254 1347 292 et
1377 253 1625 296 coelestium

204 319 551 363 necessitudinem
568 352 579 373 ,
617 325 659 363 et
699 320 957 376 principium
981 320 1239 364 stabilitatis.
1280 342 1295 357 «
1317 323 1398 365 Res
1418 324 1552 368 factae
1569 359 1580 380 ‚
1608 346 1623 362 »

202 390 352 443 docet,
388 410 403 426 «
425 404 522 434 cum
534 392 619 434 sint
636 404 790 446 opera,
821 393 986 445 genitae
1006 392 1091 435 dici
1106 398 1324 448 nequeunt
1341 425 1352 446 ,
1375 395 1473 448 nisi,
1496 398 1629 450 geniti

202 462 297 504 Filii
327 463 556 518 participes
582 468 730 518 postea
760 463 958 519 effectae,
987 464 1154 519 genitae
1179 469 1222 507 et
1248 465 1366 520 ipsae
1403 465 1624 522 dicantur,

202 546 290 575 non
323 547 422 576 sane
450 535 671 590 propriam
703 535 761 578 ob
793 541 1011 589 naturam,
1041 535 1117 578 sed
1147 537 1250 591 quia
1275 537 1368 579 Filii
1390 537 1524 581 factae
1544 539 1629 582 sint

202 604 247 646 in
277 605 435 658 Spiritu
467 606 711 660 participes.
738 627 753 642 »
783 609 897 648 Orat.
926 620 959 659 1,
987 609 1059 649 56.

291 675 368 717 His
400 677 660 731 perspectis,
694 690 782 719 non
813 677 999 720 difficilis
1028 679 1246 722 intellectu
1270 684 1334 722 est
1356 692 1475 723 mens
1494 681 1630 725 Atha-

202 748 307 789 nasii
329 778 341 800 ,
375 760 471 789 cum
499 749 775 803 Unigenitum
805 751 942 792 Patris
973 750 1100 792 docet
1133 763 1220 793 esse
1251 751 1410 793 factum
1439 752 1483 793 in
1507 765 1629 795 crea-

199 820 318 862 tione
347 819 493 862 mundi
528 821 861 874 Primogenitum
893 822 1030 863 omnis
1066 827 1300 864 creaturae.
1334 824 1442 865 Nam
1463 854 1475 876 ‚
1518 836 1617 866 eum

202 893 336 946 gratia
363 892 463 945 illa,
501 904 588 946 qua
615 893 828 947 impertita
867 897 1018 936 natura
1047 906 1189 936 rerum
1219 895 1263 936 in
1294 907 1372 937 suo
1404 895 1503 938 loeo
1525 908 1625 951 per-

200 967 369 1015 manet,
401 964 528 1005 variis
557 965 801 1007 nominibus
835 966 987 1020 respici
1015 967 1179 1020 possit,
1212 970 1261 1008 ut
1289 966 1390 1020 lux,
1427 971 1477 1009 ut
1513 968 1619 1022 pul-

201 1034 426 1088 chritudo,
458 1039 507 1077 ut
529 1036 752 1090 sapientia,
790 1041 838 1079 ut
868 1036 999 1089 ratio,
1035 1040 1084 1079 ut
1116 1037 1311 1079 coelestis
1342 1037 1543 1092 adoptio,
1578 1044 1627 1082 ut

202 1106 356 1148 similia
374 1138 386 1161 ,
428 1106 502 1148 ille
548 1119 772 1162 supremus
815 1107 1024 1151 Conditor
1061 1110 1359 1152 universorum
1381 1141 1393 1163 ,
1441 1112 1626 1166 seipsum

202 1177 363 1220 mundo
384 1178 627 1233 impertiens
647 1210 658 1231 ,
681 1179 731 1221 fit
758 1179 1078 1235 quodammodo
1110 1181 1272 1223 mundo
1302 1182 1563 1238 principium
1583 1189 1626 1226 et

199 1249 304 1291 lucis
333 1250 468 1301 illius,
489 1254 532 1292 et
551 1250 880 1304 pulchritudinis
894 1283 905 1304 ,
940 1256 983 1294 et
1003 1252 1260 1307 sapientiae,
1294 1258 1337 1295 et
1356 1254 1530 1297 rationis
1544 1286 1556 1308 ,
1583 1260 1626 1298 et

201 1320 445 1375 adoptionis
473 1322 517 1363 in
536 1322 782 1365 coelestium
799 1324 1060 1365 societatem.
1085 1324 1256 1378 Itaque,
1279 1325 1354 1379 qui
1373 1338 1424 1367 ex
1444 1330 1621 1369 aeterno

199 1392 431 1446 Sapientia,
463 1393 580 1445 Lux,
612 1394 761 1446 Ratio,
794 1394 926 1436 Filius
957 1399 1020 1437 est
1051 1396 1187 1438 Patris
1207 1428 1218 1450 ,
1253 1396 1392 1439 factus
1424 1401 1487 1439 est
1510 1410 1622 1453 ope-

199 1462 319 1504 ribus
339 1464 424 1505 suis
445 1464 692 1519 principalis
722 1465 930 1519 quaedam
951 1467 1159 1521 Sapientia
1176 1498 1187 1519 ,
1221 1472 1264 1509 et
1294 1467 1518 1511 formatrix
1540 1471 1622 1512 Ra-

200 1534 291 1586 tio,
339 1539 385 1576 et
420 1535 510 1576 Lux
549 1536 788 1590 plenissime
826 1537 1037 1579 irradians
1059 1569 1071 1589 ,
1111 1541 1154 1579 et
1189 1538 1446 1594 archetypus
1476 1540 1621 1583 Filius.

201 1607 409 1660 Sapientia
440 1611 581 1648 autem
611 1609 749 1649 Patris
777 1608 950 1650 tandem
981 1609 1091 1651 facta
1121 1614 1183 1652 est
1210 1606 1415 1665 sapientia
1434 1612 1623 1667 mundo,

201 1680 245 1717 et
273 1676 372 1718 fecit
402 1682 450 1718 ut
481 1677 665 1720 mundus
694 1679 862 1734 sapiens
884 1685 1019 1733 esset;
1048 1681 1121 1722 lux
1142 1682 1277 1724 Patris
1311 1682 1423 1724 faeta
1457 1688 1519 1725 est
1552 1683 1623 1726 lux

202 1748 362 1789 mundo
379 1779 391 1799 ,
419 1753 462 1790 et
496 1749 598 1791 fecit
617 1755 666 1791 ut
688 1751 872 1793 mundus
899 1751 1235 1806 splendesceret3
1268 1754 1519 1807 Unigenitus
1544 1756 1625 1796 Pa-

201 1820 276 1860 tris
306 1819 442 1861 factus
473 1823 536 1861 est
565 1822 880 1875 Primogenitus
909 1822 1097 1877 mundo,
1139 1828 1182 1865 et
1216 1823 1316 1866 fecit
1355 1829 1402 1867 ut
1442 1826 1626 1869 mundus

205 1891 248 1932 in
287 1889 485 1933 familiam
515 1892 597 1933 Dei
626 1892 942 1936 adscisceretur.

291 1962 492 2004 Profecto
526 1963 664 2005 fateor
695 1963 801 2005 haee
832 1964 974 2006 omnia
1012 1965 1056 2006 in
1095 1966 1299 2020 mysterio
1331 1970 1374 2008 et
1415 1966 1626 2011 fructibus

201 2033 485 2076 sanctissimae
517 2035 823 2077 Incarnationis
846 2036 1060 2078 verissime
1083 2037 1319 2092 compleri,
1346 2037 1468 2092 cnjus
1494 2041 1626 2093 gratia

201 2106 260 2147 ita
290 2110 460 2160 superat
491 2106 699 2161 quiequid
732 2108 954 2149 universae
983 2112 1158 2149 naturae
1189 2120 1215 2150 a
1245 2108 1446 2152 Creatore
1477 2110 1625 2153 datum

202 2179 292 2228 est,
331 2181 380 2217 ut
413 2177 665 2219 Athanasius
695 2178 741 2219 in
773 2177 962 2231 quodam
995 2190 1124 2233 opere
1152 2178 1405 2222 confirmare
1427 2192 1517 2222 non
1538 2181 1623 2224 du-

200 2245 425 2301 bitaverit,
458 2248 606 2290 mundi
636 2249 894 2291 creationem
923 2261 1012 2298 esse
1043 2262 1120 2304 per
1150 2250 1303 2291 Filium
1323 2250 1622 2304 solummodo,

202 2317 557 2373 dispensationem
587 2324 730 2361 autem
752 2320 1045 2374 Evangelicam
1070 2333 1159 2363 esse
1181 2322 1225 2363 in
1248 2321 1371 2364 Filio.
1404 2341 1420 2358 n
1439 2322 1627 2366 Decebat

202 2389 429 2431 creationis
459 2389 631 2444 quidem
662 2390 883 2433 exordium
913 2404 990 2447 per
1023 2392 1164 2446 ipsum
1202 2392 1295 2435 fieri
1310 2423 1323 2446 ,
1360 2397 1409 2435 ut
1434 2405 1503 2435 res
1536 2394 1626 2436 exi-

202 2462 385 2512 sterent3
422 2472 567 2502 earum
595 2464 737 2503 autem
762 2461 1133 2516 instaurationem,
1168 2463 1211 2504 in
1235 2463 1359 2518 ipso3
1393 2475 1503 2518 quae
1523 2476 1625 2506 sane

201 2530 332 2572 verba
343 2531 453 2573 inter
468 2544 512 2573 se
526 2531 745 2574 differunt.
766 2534 871 2575 Nam
888 2534 1010 2576 initio
1029 2534 1203 2589 quidem
1221 2535 1363 2577 omnia
1383 2547 1461 2590 per
1478 2537 1623 2591 ipsum

201 2601 314 2644 facta
337 2607 436 2644 sunt
464 2607 513 2646 ut
540 2608 706 2659 essent3
739 2609 909 2660 postea,
942 2605 1017 2647 ubi
1047 2606 1191 2648 omnia
1221 2605 1492 2661 defecerunt,
1521 2608 1625 2650 Ver-

200 2672 307 2716 bum
321 2686 422 2716 caro
441 2673 602 2717 factum
624 2680 712 2730 est,
739 2688 868 2732 quam
885 2676 1045 2720 scilicet
1063 2677 1217 2731 induit,
1233 2679 1343 2720 utin
1363 2679 1456 2734 ipso
1479 2679 1621 2727 omnia

202 2735 490 2789 reficerentur.
518 2765 535 2782 ι»
572 2748 623 2788 In
644 2749 751 2790 illud
771 2750 928 2792 Omnia.
951 2750 996 2793 2.
1021 2748 1134 2802 Quid
1155 2749 1301 2806 quod,
1334 2761 1432 2794 eum
1451 2761 1622 2794 earnem
