1988 3366
740 233 800 241 ..-
836 212 885 254 17
919 234 976 241 -.

150 305 197 347 p.
221 292 292 336 42.
318 306 356 336 a.
392 294 552 337 Iterum
587 290 689 338 οὗτος
721 296 817 334 ἐστιν
852 299 870 332 ὁ
902 298 1118 348 ἀγαπητὸς,
1155 299 1173 332 ὁ
1207 303 1256 345 τῷ
1295 297 1388 346 ὶόγῳ
1428 299 1566 341 §mem

151 369 347 418 ἄνθρωπος.
381 378 426 421 Ρ.
454 366 528 419 49,
551 377 591 408 ἃ.

237 436 364 491 Apud
391 435 675 491 Epiphanium
705 441 847 479 autem
875 437 1084 480 Photinus
1100 468 1111 490 ‚
1136 442 1153 475 ὁ
1172 438 1279 489 λόγος
1303 440 1337 475 ἐν
1355 447 1402 490 τῷ
1425 445 1531 491 πατρί
1553 470 1565 492 ,

151 524 257 559 φησιν
275 537 286 558 ‚
315 509 371 559 ἦν,
395 509 470 545 ἀλλ’
493 508 610 546 01)va
633 512 717 552 υἱός·
742 510 865 550 Haer.
893 509 1045 563 p.830,
1067 509 1113 550 b.
1138 509 1226 551 vid.
1250 510 1375 551 etiam
1394 522 1439 564 p.
1459 511 1561 552 831.

236 580 449 634 Eugenius
478 590 612 634 porro
631 610 644 633 ‚
675 579 718 621 in
749 580 1054 634 expurgatione
1082 592 1172 635 sua,
1207 583 1247 619 ὀυ
1272 587 1346 632 γὰρ
1376 583 1484 619 ἀλλον
1503 588 1564 620 τὸν

151 655 227 688 υἱον
252 658 310 690 καὶ
340 655 445 689 ἄλλον
476 658 535 689 τὸν
564 651 673 702 λόγον
699 658 893 704 φρονοῦμεν
916 682 928 703 ,
959 649 1001 694 ὧς
1023 655 1116 694 Ἱινες
1138 657 1224 704 ἡμᾶς
1249 654 1428 706 διέβαλον.
1453 655 1567 696 Ana·

149 722 391 764 thematizat
421 726 563 764 autem
591 723 793 764 insaniam
813 722 985 764 Photiui
1017 728 1059 765 et
1087 728 1340 767 sectatorum
1367 724 1473 781 ejus,
1505 722 1562 764 ἔτι

151 802 194 845 μὴ
228 803 400 846 φρονοῦσι
434 801 495 833 τὸν
529 797 601 832 υἱὸν
636 802 702 833 τοῦ
725 801 819 832 Θεοῦ
852 799 962 832 αὑτὸν
986 795 1080 834 εἶναι
1102 802 1164 834 τὸν
1186 797 1294 847 λόγον
1314 827 1324 846 ,
1351 800 1444 836 ἀλλὰ
1464 798 1565 836 διαι-

149 877 278 918 ροῦσιν
311 869 451 918 ἀλόγως
484 874 543 905 καὶ
575 869 688 920 ἀρχὴν
722 877 770 918 τῷ
802 870 864 917 υἱῷ
888 867 1057 905 διδοῦσιν
1080 870 1149 906 ἀπὸ
1172 878 1232 911 τῆς
1256 871 1292 906 ἐκ
1314 875 1451 922 Μαρίας
1473 875 1565 909 κατὰ

150 944 265 994 σάρκα
295 945 477 991 γενέσεως.
514 941 616 982 Coll.
644 942 745 981 Νου.
771 943 804 982 t.
833 941 875 981 2.
902 953 946 994 p.
974 942 1018 993 3,
1044 940 1088 982 d.

237 1012 455 1054 Nestorius
479 1023 651 1066 quoque
675 1025 685 1052 z
725 1030 740 1045 «
765 1012 942 1065 Cogitur
963 1011 1171 1055 Photinus
1191 1012 1380 1055 Verbum
1401 1012 1562 1068 dicere,

147 1097 234 1126 non
269 1088 408 1126 autem
438 1082 625 1124 Verbum
656 1082 739 1124 hoc
771 1083 922 1124 Filium
955 1082 1196 1126 confltetur.
1223 1104 1238 1119 »
1275 1086 1559 1128 Mercat.t.2.

147 1168 191 1209 1).
215 1157 286 1197 87.
320 1154 418 1197 Vid.
444 1155 569 1195 etiam
600 1154 774 1196 Garner-
807 1155 980 1196 Mercat.
1016 1159 1048 1195 t.
1075 1155 1117 1196 2.
1143 1167 1188 1209 p.
1218 1157 1300 1197 314
1326 1156 1421 1198 init.

236 1225 411 1268 Accedit
442 1225 559 1279 quod
589 1225 812 1266 Marcellus
841 1226 959 1280 ipse,
993 1226 1037 1267 in
1069 1226 1268 1280 apologia
1306 1239 1379 1269 sua
1417 1239 1562 1270 coram

146 1298 169 1339 J
175 1298 260 1339 ulio
284 1299 453 1339 Summo
475 1295 681 1337 Pontifice
701 1295 846 1338 habita
861 1327 872 1348 ‚
905 1297 1131 1351 praecipue
1149 1297 1305 1340 insistit
1322 1298 1367 1340 in
1391 1310 1442 1340 eo
1461 1297 1563 1341 fidei

143 1369 323 1411 articulo
354 1366 615 1418 confitend0‚
649 1367 724 1422 qui
754 1367 799 1409 in
829 1367 896 1409 his
925 1367 1029 1410 locis
1058 1368 1352 1423 periclitatur:
1379 1382 1471 1412 e.c.
1493 1387 1563 1423 μο-

147 1447 290 1492 νογενὴς
307 1444 381 1483 υἱὸς
399 1443 531 1491 λόγος,
554 1457 571 1474 α
591 1437 712 1493 cujus
741 1438 862 1492 regni
880 1469 891 1491 ‚
915 1442 964 1480 ut
982 1442 1162 1482 testatur
1183 1439 1413 1494 Apostolus
1434 1471 1446 1494 ,
1472 1453 1560 1484 nou

145 1512 226 1553 erit
251 1512 346 1553 finis
362 1543 373 1565 ,
406 1510 595 1552 Verbum
611 1529 627 1545 ι»
647 1523 659 1562 ;
693 1509 746 1551 de
766 1521 853 1564 quo
873 1510 1006 1552 Lucas
1025 1513 1203 1552 testatur
1219 1541 1230 1563 ‚
1267 1530 1282 1545 «
1303 1511 1411 1553 sicut
1430 1512 1562 1555 tradi-

144 1582 299 1624 derunt
328 1582 451 1624 nobis
491 1586 523 1620 οἱ.
555 1584 725 1632 ἀπαρχῆς
759 1584 920 1621 ἀπόπται
962 1588 1021 1619 καί
1062 1585 1232 1635 ὑπηρέται
1270 1590 1458 1635 γενόμενοι
1494 1594 1560 1623 τοῦ

145 1658 267 1704 λόγου·
298 1675 312 1690 υ
350 1661 411 1692 τὸν
443 1657 548 1703 υἱὸν,
584 1658 752 1692 τουτέστι
785 1660 847 1691 τὸν
871 1657 978 1705 λόγον
996 1662 1060 1693 τοῦ
1093 1662 1382 1709 παντοκρατόρος
1404 1664 1508 1695 Θεοῦ.
1542 1664 1560 1700 ἡ

145 1729 295 1780 δύναμις
328 1733 467 1781 ωατρός
502 1731 518 1765 ὁ
543 1730 631 1770 υἱὸς.
665 1726 820 1781 Epiph.
850 1729 976 1767 Haer.
1003 1739 1076 1781 pp.
1099 1728 1202 1780 835,
1221 1728 1264 1768 G.

234 1800 316 1850 (12)
349 1800 444 1841 Non
474 1799 688 1852 Verbum,
721 1797 796 1840 sed
815 1799 989 1850 Jesum,
1023 1810 1111 1839 esse
1133 1797 1366 1852 Christum,
1390 1800 1557 1841 Primo-

146 1870 335 1924 genitum
355 1900 366 1922 ‚
401 1871 477 1911 Dei
514 1870 771 1924 Imaginem,
804 1870 977 1923 Regem.

233 1944 331 1984 Εἶτις
353 1947 416 1978 τὸν
437 1945 530 1991 υἱὸν,
552 1941 658 1983 dicit
677 1939 879 1982 Eusebius
899 1972 910 1993 ‚
947 1938 972 1991 ᾧ
1003 1946 1123 1979 πάντα
1152 1942 1353 1994 παρέδωκεν
1382 1946 1400 1979 ὁ
1421 1950 1554 1996 πατὴρ,

146 2015 255 2063 λόγον
276 2017 431 2066 ὁρίζοιτο
453 2020 583 2066 μόνον,
606 2016 727 2066 ὅμοιον
745 2022 795 2064 τῷ
817 2015 851 2050 ἐν
872 2016 1094 2065 ἀνθρώποις,
1114 2014 1195 2054 εἶτα
1211 2018 1325 2067 σάρκα
1341 2021 1446 2066 φησὶν
1465 2018 1557 2053 ἀνει-

145 2087 302 2135 ληφέναι,
325 2092 382 2124 καὶ
404 2092 489 2125 τότε
521 2089 594 2124 υἱὸν
611 2092 704 2123 Θεοῦ
727 2089 934 2136 γεγονέναι,
958 2092 1017 2124 καὶ
1039 2087 1178 2128 Ἰησοῦν
1200 2091 1358 2138 Χριστὸν
1381 2094 1557 2140 χρηματί-

144 2173 224 2206 σαι,
245 2160 395 2209 βασιλέα
411 2173 449 2197 τε
466 2160 772 2211 ἀναγορεύεσθαι,
796 2159 918 2195 εἰκόνα
940 2173 978 2196 τε
1003 2167 1067 2196 τοῦ
1094 2165 1185 2196 Θεοῦ
1205 2166 1267 2196 τοῦ
1291 2160 1472 2212 ἀοράτου,
1495 2166 1554 2197 καὶ

142 2230 371 2282 πρωτότοκον
391 2235 506 2274 πάσης
528 2236 692 2279 κτίσεως,
711 2235 753 2282 μὴ
775 2231 865 2269 ὄντα
882 2230 1074 2283 πρότερον,
1100 2231 1182 2270 τότε
1199 2230 1484 2282 ἀποδεδεῖχθαι,
1502 2237 1555 2274 τίς

141 2298 182 2338 ἂν
205 2306 365 2341 λείποιτο
388 2312 507 2354 τουτῷ
539 2303 755 2355 δυσσεβείας
786 2304 958 2354 ὑπερβολή
978 2318 987 2346 ;
1019 2315 1064 2357 p.
1091 2303 1134 2355 6,
1159 2301 1204 2343 b.
1231 2301 1275 2344 d.
1299 2302 1437 2344 Locus
1459 2302 1555 2356 hic,

141 2383 270 2426 quem
288 2403 300 2425 ‚
327 2373 490 2415 omissis
513 2372 765 2429 quibusdam
784 2403 796 2426 ‚
831 2373 1138 2415 coarctavimus
1157 2405 1168 2426 ,
1195 2373 1337 2415 omnia
1357 2372 1429 2415 illa
1450 2385 1557 2428 quac

140 2443 338 2486 Marcello
351 2445 613 2499 assignantur
624 2448 857 2486 enumerat.
877 2443 976 2487 Vid.
994 2455 1168 2499 quoque
1181 2443 1308 2486 etiam
1319 2444 1553 2500 pp.49,50.

139 2514 225 2567 vel,
243 2518 292 2556 ut
306 2515 406 2570 ipsis
429 2516 616 2558 Marcelli
628 2515 770 2558 verbis
791 2519 963 2557 utamur
978 2515 1031 2558 de
1049 2515 1358 2569 Primogenito,
1379 2518 1422 2554 οὐ
1436 2521 1555 2554 τοίνυν

140 2581 248 2629 οὗτος
272 2591 290 2624 ὁ
307 2590 508 2639 ἁγιώτατος
529 2590 662 2639 λόγος,
683 2593 750 2641 πρὸ
772 2596 832 2630 τῆς
855 2590 1145 2640 ἐνανθρωπὴσεως
1166 2587 1394 2641 πρωτότοκος
1414 2591 1556 2632 ἁπάσης

141 2662 288 2701 κτίσεως
319 2659 522 2711 ὀνόμαστο,
555 2670 626 2703 πῶς
649 2665 723 2712 γὰρ
756 2659 914 2700 δύνατον
938 2666 999 2699 τὸν
1025 2662 1080 2698 ἀεὶ
1102 2661 1189 2698 ὄντα
1210 2660 1440 2712 πρωτότοκον
1464 2660 1555 2699 εἶναί

141 2744 255 2773 τινος;
282 2731 373 2770 ἀλλὰ
405 2738 467 2771 τόν
498 2741 639 2786 πρῶτον
671 2738 793 2770 καινὸν
826 2735 1030 2787 ἄνθρωπον,
1064 2737 1112 2776 εἰς
1145 2729 1182 2771 ὅν
1215 2738 1260 2771 τοι
1281 2737 1403 2772 πάντα
1424 2735 1557 2772 avam,

138 2803 411 2852 φαλαιώσασθοιι
442 2806 614 2856 ἐβουλήθη
649 2811 666 2843 ὀ
688 2810 799 2856 Θεὸς,
833 2813 964 2845 τοῦτον
986 2807 1022 2843 ἁι
1043 2808 1135 2844 Θεῖαι
1157 2811 1290 2859 γραφαὶ
1321 2805 1554 2858 πρωτότοκον

1380 2883 1401 2914 2
