1988 3366
966 228 1025 236 -
1061 206 1110 248 14
1141 230 1202 241 .-

373 284 541 328 cellum.
574 288 710 338 Κάγὼ,
742 293 848 339 φησίν
866 317 878 338 ,
911 292 1074 342 ὁμολογῶ
1103 294 1280 343 fiumen-w·
1312 299 1485 345 γεννᾶται
1515 298 1590 347 γὰρ
1622 298 1640 332 ὁ
1661 294 1781 347 λόγος,

373 355 435 397 ὅτε
467 364 529 396 καὶ
561 360 724 399 λαλεῐται
757 367 816 399 καὶ
845 367 1074 413 γινώσκεται.

464 429 579 472 Alibi
601 435 782 474 testatur
803 432 1008 476 Eusebius
1031 446 1056 476 a
1091 434 1294 478 Marcello
1318 437 1506 492 proponi
1530 439 1637 478 ἁυτὸν
1660 437 1787 497 [Θεὸν]

373 499 468 541 εἶναι
500 510 564 542 τοῦ
598 505 633 541 ἐν
667 506 765 555 αὐτῷ
796 505 906 556 λόγου
937 509 1106 558 πατέρα,
1140 505 1248 549 ibid.
1271 519 1319 562 p.
1348 508 1445 552 167.
1471 521 1510 551 c.
1537 509 1665 562 Quod
1693 512 1789 566 qui-

371 573 468 617 dem
487 605 499 628 ‚
531 575 629 618 licet
657 576 726 618 vel
754 588 911 631 purum
941 576 1274 621 catholicismum
1310 578 1443 635 sapit,
1470 580 1640 623 Eusebii
1657 582 1788 636 ipsius

369 647 534 701 saepius
562 646 733 689 fortiter
761 647 1026 691 arianizantis
1055 648 1270 693 doctrinae
1299 655 1610 706 comparatum,
1645 656 1788 695 tamen

368 729 421 759 eo
451 717 624 760 nomine
652 719 700 760 in
737 718 1080 762 observationem
1100 720 1218 763 venit
1237 753 1249 776 ,
1286 721 1407 777 quod
1425 723 1641 766 Nestorius
1671 724 1787 778 apud

368 789 646 832 Mercatorem
663 790 725 833 sic
743 790 963 846 distinguit
990 803 1015 834 a
1043 791 1221 835 Sabellio
1251 792 1506 846 Photinum,
1548 813 1565 830 «
1586 794 1787 837 Sabellius

367 865 572 914 υἰοπάτορα
602 860 705 904 dicit
732 862 873 917 ipsum
901 862 1082 917 Filium,
1114 876 1243 919 quem
1264 865 1456 916 Patrem,
1482 869 1525 908 et
1545 865 1686 921 ipsum
1705 867 1784 908 Pa-

365 937 476 976 trem
501 945 630 989 quem
666 933 822 976 Filium
841 964 854 988 ‚
886 934 1095 977 Photinus
1124 948 1227 978 vero
1266 937 1504 989 λογοπάτορα
1536 935 1778 993 [Verbum-

366 1003 562 1062 patrem]
583 1024 600 1040 »
636 1005 810 1047 Mercat.
834 1009 869 1048 t.
896 1006 940 1047 2.
962 1018 1011 1061 p.
1034 1007 1107 1049 87.

454 1078 507 1130 (4)
538 1076 729 1120 Verbum
758 1089 847 1119 esse
876 1089 1024 1120 revera
1053 1077 1242 1120 Verbum
1262 1110 1275 1133 ‚
1308 1081 1441 1124 ἀληθῶς
1474 1081 1578 1132 λόγος
1596 1110 1607 1131 ,
1641 1092 1780 1135 neque

367 1149 447 1191 nisi
484 1149 718 1206 improprie
754 1148 910 1191 Filius:
951 1150 1058 1202 λόγον
1090 1155 1165 1204 ’γὰρ
1197 1151 1289 1189 εἶναι
1319 1152 1405 1197 δοῦς
1436 1159 1499 1192 τὸν
1530 1155 1565 1191 ἐν
1596 1161 1646 1205 τῷ
1677 1161 1781 1203 Θεῷ,

366 1220 402 1260 ἕν
433 1238 472 1262 τε
505 1228 563 1261 καὶ
598 1230 734 1262 ταῦτ-ον
767 1224 855 1260 ὄντα
891 1225 987 1275 αὐτῷ
1026 1231 1156 1264 τοῦτον
1199 1227 1437 1278 ὁρισάμενος,
1473 1229 1617 1278 πατέρα
1648 1231 1782 1265 τούτου

368 1300 610 1348 χρηματίζειν
645 1295 750 1333 αὐτὸν
784 1295 859 1346 ἔφη·
892 1301 951 1333 τὸν
982 1310 1021 1334 τε
1051 1295 1160 1348 λόγον
1193 1300 1270 1334 υἱὸν
1302 1297 1396 1335 εἶναι
1419 1300 1540 1351 αὐτῷ,
1559 1301 1623 1337 οὐκ
1646 1300 1780 1342 ἀληθῶς

368 1369 458 1406 ὄντα
488 1369 563 1403 υἱὸν
596 1368 630 1404 ἐν
664 1368 793 1409 οὐσίας
826 1369 1030 1406 ὑποστάσει
1050 1397 1060 1418 ,
1094 1374 1224 1420 κυρίως
1247 1370 1286 1407 δὲ
1308 1376 1367 1408 καί
1389 1373 1519 1415 ἀληθῶς
1543 1373 1633 1414 ὄντα
1657 1372 1778 1422 λόγον.

367 1441 639 1492 ἐπισημαίνεται
661 1445 752 1489 γοῦν
781 1435 836 1478 ὅτι
856 1445 899 1491 μὴ
921 1450 1223 1492 καταχρηστικῶς
1254 1442 1363 1493 λόγον
1382 1473 1392 1493 ,
1431 1445 1522 1482 ἀλλὰ
1554 1450 1681 1495 κυρίως
1720 1450 1777 1482 καὶ

366 1513 499 1556 ἀληθῶς
524 1514 614 1551 ὄντα
639 1511 746 1563 λόγον
764 1540 775 1560 ,
809 1517 869 1550 καί
892 1511 998 1564 μηδὲν
1021 1509 1144 1564 ἕτερον
1165 1510 1183 1556 ἦ
1215 1514 1337 1566 λόγον.
1372 1518 1403 1552 εὶ
1437 1516 1476 1552 δὲ
1499 1516 1605 1567 μηδὲν
1636 1513 1777 1567 ἕτερον,

365 1586 474 1628 δῆλον
496 1582 553 1625 ὅτι
575 1585 659 1622 οὐδὲ
689 1586 761 1627 υἱὸς
792 1584 832 1626 ἦν
863 1588 997 1637 κυρίως
1021 1590 1080 1623 καὶ
1104 1587 1237 1631 ἀληθῶς
1254 1616 1265 1637 ,
1296 1590 1406 1640 μέχρι
1424 1588 1465 1625 δὲ
1483 1595 1594 1639 φωνῆς
1616 1594 1676 1625 καὶ
1694 1588 1777 1626 ὀνό-

362 1675 476 1713 ματος
508 1665 814 1709 καταχρηστικῶς
845 1659 1104 1710 ὠνομασμένος·
1135 1657 1288 1700 Euseb.
1312 1671 1359 1714 p.
1376 1660 1448 1701 61.
1467 1671 1506 1701 a.
1524 1658 1571 1701 b.

453 1732 505 1783 (5)
536 1727 725 1771 Verbum
755 1740 842 1770 esse
872 1727 926 1770 ab
958 1728 1206 1771 aeternitate
1234 1729 1279 1772 in
1306 1730 1396 1773 Deo
1414 1761 1426 1784 ,
1459 1743 1534 1774 seu
1555 1730 1774 1780 ἐνδιάθετος,

362 1805 412 1843 ut
441 1799 695 1842 attributum
727 1798 947 1854 quoddam
969 1813 980 1840 ε

451 1875 541 1915 Πλὴν
566 1879 659 1910 Θεοῦ
677 1899 688 1921 ,
721 1870 913 1927 disputat
931 1871 1180 1926 Marcellus,
1215 1872 1323 1912 οὐδὲν
1350 1871 1474 1927 ἕτερον
1505 1874 1557 1918 ἦν·
1593 1875 1696 1926 εἶχεν
1714 1874 1775 1913 οὖν

363 1952 426 1989 τὴν
463 1949 598 1984 οἰκείαν
631 1944 743 1990 δόξαν
782 1944 929 1995 ὁλόγος
959 1940 1003 1982 ὦν
1034 1945 1071 1982 ἔν
1109 1953 1158 1996 τῷ
1190 1952 1312 1999 πατρί.
1342 1945 1497 1988 Euseb.
1537 1959 1584 2002 p.
1620 1948 1692 1989 39.
1732 1959 1773 1989 c.

359 2017 445 2061 Ubi
473 2015 710 2060 notandum
739 2019 829 2071 est,
861 2015 1034 2071 phrasin
1061 2015 1175 2058 illam
1198 2018 1231 2055 ἐν
1247 2025 1296 2069 τῷ
1317 2024 1408 2069 Θεῷ,
1429 2021 1535 2060 teste
1555 2017 1778 2061 Montefal-

361 2089 488 2131 eonio
522 2090 533 2141 (
547 2090 649 2131 Coll.
673 2091 776 2131 Nov.
799 2091 906 2130 tom.
934 2088 976 2128 2.
1004 2098 1051 2142 p.
1076 2090 1213 2141 Lvn.)
1244 2088 1290 2130 in
1311 2088 1592 2144 suspicionem
1613 2089 1776 2131 venisse

358 2160 503 2202 multis
522 2159 743 2214 Patribus,
767 2162 920 2214 utpote
941 2158 1206 2214 suppositam
1222 2171 1303 2215 pro
1325 2158 1576 2214 Evangeliea
1590 2159 1666 2203 illa
1684 2167 1775 2214 πρὸς

360 2237 423 2271 τὸν
441 2238 528 2270 Θεὸν
545 2229 698 2287 [Joan.
719 2244 754 2286 1,
784 2230 850 2287 l.]
875 2234 939 2270 οὐκ
959 2235 1080 2281 εἰπὼν,
1099 2230 1298 2274 observat
1315 2231 1520 2274 Eusebius
1535 2264 1548 2287 ‚
1567 2233 1771 2287 p.121,h.

359 2305 396 2342 ἐν
429 2306 482 2354 τῷ
502 2306 580 2356 Θεῷ
596 2334 607 2354 ,
636 2302 699 2342 ἶνα
719 2310 762 2356 μὴ
784 2306 970 2358 καταβάλῃ
992 2305 1048 2342 ἐπὶ
1071 2309 1133 2345 τὴν
1166 2305 1388 2356 ἀνθρωπίνην
1420 2304 1614 2357 ὁμοιότητα
1629 2333 1641 2354 ‚
1673 2311 1717 2349 ὡς
1738 2307 1773 2343 ἐν

357 2381 575 2429 ὑποκειμένῳ
597 2377 826 2429 συμβεβηκὸς.

444 2447 571 2490 Haud
600 2447 721 2490 aliter
750 2447 954 2501 Basilius,
988 2451 1052 2486 οὐκ
1070 2448 1183 2499 εἶπεν,
1203 2450 1238 2487 ἐν
1263 2451 1314 2499 τῷ
1342 2451 1419 2499 Θεῷ
1441 2452 1480 2491 ἦν
1499 2453 1517 2487 ὁ
1539 2448 1660 2500 λὸΊος,
1682 2452 1772 2489 ἀλλὰ

356 2524 447 2572 πρὸς
479 2526 539 2559 τὸν
573 2526 661 2558 Θεὸν
681 2550 692 2571 ,
714 2537 746 2558 κ.
770 2537 803 2559 τ.
826 2523 858 2558 λ.
891 2522 1009 2562 Hom.
1030 2533 1124 2575 Χνῐ,
1149 2521 1193 2563 4.
1218 2533 1264 2576 p.
1292 2521 1389 2562 137.

446 2593 498 2646 (6)
530 2592 742 2635 Unitatem
771 2594 816 2636 in
843 2593 1089 2637 Trinitatem
1119 2604 1209 2635 esse
1237 2590 1491 2648 productam
1520 2604 1595 2634 seu
1619 2591 1771 2635 dilata-

354 2667 444 2706 tam
458 2696 470 2717 ,
493 2677 639 2707 rursus
655 2669 796 2707 autem
812 2664 1058 2708 Trinitatem
1078 2663 1125 2707 in
1139 2664 1352 2707 Unitatem
1368 2675 1455 2707 esse
1468 2663 1766 2719 collapsuram.

444 2735 558 2777 Dicit
583 2736 836 2790 Marcellus,
875 2740 905 2775 εὶ
938 2742 1062 2776 τοίνυν
1101 2741 1120 2775 ὁ
1158 2736 1263 2789 λόγος
1295 2742 1454 2790 φαίνοιτο
1489 2738 1524 2782 ἐξ
1558 2739 1670 2776 αὐτοῦ
1701 2744 1767 2776 τοῦ

356 2812 492 2860 πατρὸς
523 2809 683 2860 ἐξελθὼν,
702 2839 710 2847 .
730 2838 738 2847 .
760 2839 768 2847 .
790 2814 833 2849 τὸ
856 2809 896 2848 δὲ
930 2816 1068 2863 πνεῦμα
1098 2814 1139 2850 τὸ
1172 2805 1275 2862 ἅγιον
1307 2814 1410 2862 παρὰ
1442 2815 1507 2849 τοῦ
1537 2813 1680 2862 πάτρος
1713 2809 1768 2846 ἐκ·

1282 2911 1304 2919 χ
