<?xml version="1.0" encoding="UTF-8"?>
<!DOCTYPE html PUBLIC "-//W3C//DTD XHTML 1.0 Transitional//EN"
    "http://www.w3.org/TR/xhtml1/DTD/xhtml1-transitional.dtd">
<html xmlns="http://www.w3.org/1999/xhtml" xml:lang="en" lang="en">
 <head>
  <title>
</title>
<meta http-equiv="Content-Type" content="text/html;charset=utf-8" />
  <meta name='ocr-system' content='tesseract 3.04.00' />
  <meta name='ocr-capabilities' content='ocr_page ocr_carea ocr_par ocr_line ocrx_word'/>
</head>
<body>
  <div class='ocr_page' id='page_1' title='image "a544052900newmuoft_0026.png"; bbox 0 0 1988 3366; ppageno 0'>
   <div class='ocr_carea' id='block_1_1' title="bbox 372 201 1805 2724">
    <p class='ocr_par' dir='ltr' id='par_1_1' title="bbox 383 201 1800 413">
     <span class='ocr_line' id='line_1_1' title="bbox 977 201 1211 244; baseline -0.004 -11"><span class='ocrx_word' id='word_1_1' title='bbox 977 223 1036 233; x_wconf 77' lang='grc'>-..</span> <span class='ocrx_word' id='word_1_2' title='bbox 1071 201 1122 244; x_wconf 77' lang='lat'>16</span> <span class='ocrx_word' id='word_1_3' title='bbox 1151 223 1211 232; x_wconf 89' lang='lat'>....</span> 
     </span>
     <span class='ocr_line' id='line_1_2' title="bbox 386 284 1800 345; baseline 0.009 -27"><span class='ocrx_word' id='word_1_4' title='bbox 386 284 504 334; x_wconf 77' lang='grc' dir='ltr'>σάρκα</span> <span class='ocrx_word' id='word_1_5' title='bbox 531 285 714 335; x_wconf 72' lang='grc' dir='ltr'>προσθήκη</span> <span class='ocrx_word' id='word_1_6' title='bbox 731 284 789 323; x_wconf 80' lang='grc' dir='ltr'>ἐπὶ</span> <span class='ocrx_word' id='word_1_7' title='bbox 821 292 887 324; x_wconf 79' lang='grc' dir='ltr'>τοῦ</span> <span class='ocrx_word' id='word_1_8' title='bbox 909 292 1072 338; x_wconf 73' lang='grc' dir='ltr'>Σωτῆρος</span> <span class='ocrx_word' id='word_1_9' title='bbox 1089 288 1317 337; x_wconf 78' lang='grc' dir='ltr'><strong>ἐξετάζοιτο,</strong></span> <span class='ocrx_word' id='word_1_10' title='bbox 1338 287 1505 342; x_wconf 72' lang='grc' dir='ltr'>ἐνεργείᾳ</span> <span class='ocrx_word' id='word_1_11' title='bbox 1524 294 1543 333; x_wconf 80' lang='grc' dir='ltr'><strong>ἡ</strong></span> <span class='ocrx_word' id='word_1_12' title='bbox 1564 293 1688 334; x_wconf 77' lang='grc' dir='ltr'>θεότης</span> <span class='ocrx_word' id='word_1_13' title='bbox 1715 292 1800 345; x_wconf 79' lang='grc' dir='ltr'>μόνη</span> 
     </span>
     <span class='ocr_line' id='line_1_3' title="bbox 383 355 1197 413; baseline 0.01 -21"><span class='ocrx_word' id='word_1_14' title='bbox 383 356 628 394; x_wconf 79' lang='grc' dir='ltr'>πλατύνεσθαι</span> <span class='ocrx_word' id='word_1_15' title='bbox 649 355 762 394; x_wconf 74' lang='grc' dir='ltr'>δοκεῖ.</span> <span class='ocrx_word' id='word_1_16' title='bbox 796 357 948 400; x_wconf 85' lang='lat' dir='ltr'><strong>Euseb.</strong></span> <span class='ocrx_word' id='word_1_17' title='bbox 979 370 1024 412; x_wconf 88' lang='lat' dir='ltr'>p.</span> <span class='ocrx_word' id='word_1_18' title='bbox 1055 359 1127 413; x_wconf 83' lang='lat'>36,</span> <span class='ocrx_word' id='word_1_19' title='bbox 1157 372 1197 400; x_wconf 78' lang='lat' dir='ltr'>a.</span> 
     </span>
    </p>

    <p class='ocr_par' dir='ltr' id='par_1_2' title="bbox 386 426 1805 560">
     <span class='ocr_line' id='line_1_4' title="bbox 473 426 1805 484; baseline 0.006 -16"><span class='ocrx_word' id='word_1_20' title='bbox 473 427 621 482; x_wconf 84' lang='lat' dir='ltr'><strong>Neque</strong></span> <span class='ocrx_word' id='word_1_21' title='bbox 647 426 768 471; x_wconf 80' lang='lat' dir='ltr'><strong>aliter</strong></span> <span class='ocrx_word' id='word_1_22' title='bbox 798 429 911 484; x_wconf 82' lang='lat' dir='ltr'><strong>apud</strong></span> <span class='ocrx_word' id='word_1_23' title='bbox 940 429 1257 473; x_wconf 82' lang='lat' dir='ltr'><strong>Theodoretum</strong></span> <span class='ocrx_word' id='word_1_24' title='bbox 1275 444 1286 472; x_wconf 71' lang='grc' dir='ltr'>ε</span> <span class='ocrx_word' id='word_1_25' title='bbox 1311 435 1452 472; x_wconf 74' lang='grc' dir='ltr'>ἔκτασιν</span> <span class='ocrx_word' id='word_1_26' title='bbox 1469 439 1550 472; x_wconf 70' lang='grc' dir='ltr'>τινὰ</span> <span class='ocrx_word' id='word_1_27' title='bbox 1566 444 1627 478; x_wconf 78' lang='grc' dir='ltr'>τῆς</span> <span class='ocrx_word' id='word_1_28' title='bbox 1645 443 1709 475; x_wconf 78' lang='grc' dir='ltr'>τοῦ</span> <span class='ocrx_word' id='word_1_29' title='bbox 1730 455 1805 476; x_wconf 74' lang='grc' dir='ltr'>πα-</span> 
     </span>
     <span class='ocr_line' id='line_1_5' title="bbox 386 502 1738 560; baseline 0.01 -23"><span class='ocrx_word' id='word_1_30' title='bbox 386 503 471 550; x_wconf 81' lang='grc' dir='ltr'>τρὸς</span> <span class='ocrx_word' id='word_1_31' title='bbox 502 503 669 542; x_wconf 80' lang='grc' dir='ltr'>θεότητος</span> <span class='ocrx_word' id='word_1_32' title='bbox 693 502 819 552; x_wconf 75' lang='grc' dir='ltr'>ἔφησεν</span> <span class='ocrx_word' id='word_1_33' title='bbox 853 505 903 545; x_wconf 81' lang='grc' dir='ltr'>εἷς</span> <span class='ocrx_word' id='word_1_34' title='bbox 937 507 999 540; x_wconf 83' lang='grc' dir='ltr'>τὸν</span> <span class='ocrx_word' id='word_1_35' title='bbox 1031 508 1191 554; x_wconf 78' lang='grc' dir='ltr'>Χριστὸν</span> <span class='ocrx_word' id='word_1_36' title='bbox 1210 504 1423 545; x_wconf 75' lang='grc' dir='ltr'>ἐληλυθέναι.</span> <span class='ocrx_word' id='word_1_37' title='bbox 1445 506 1570 547; x_wconf 81' lang='lat' dir='ltr'><strong>Haer.</strong></span> <span class='ocrx_word' id='word_1_38' title='bbox 1591 519 1643 560; x_wconf 89' lang='lat'>11,</span> <span class='ocrx_word' id='word_1_39' title='bbox 1671 509 1738 549; x_wconf 87' lang='grc'>10.</span> 
     </span>
    </p>

    <p class='ocr_par' dir='ltr' id='par_1_3' title="bbox 376 571 1802 1495">
     <span class='ocr_line' id='line_1_6' title="bbox 475 571 1802 631; baseline 0.008 -20"><span class='ocrx_word' id='word_1_40' title='bbox 475 571 486 620; x_wconf 93' lang='grc'>(</span> <span class='ocrx_word' id='word_1_41' title='bbox 495 572 556 623; x_wconf 89' lang='grc'>10)</span> <span class='ocrx_word' id='word_1_42' title='bbox 590 571 695 613; x_wconf 91' lang='lat' dir='ltr'>Cum</span> <span class='ocrx_word' id='word_1_43' title='bbox 724 571 913 615; x_wconf 85' lang='lat' dir='ltr'><strong>Verbum</strong></span> <span class='ocrx_word' id='word_1_44' title='bbox 943 578 1051 616; x_wconf 89' lang='lat' dir='ltr'><strong>esset</strong></span> <span class='ocrx_word' id='word_1_45' title='bbox 1069 574 1114 616; x_wconf 91' lang='lat' dir='ltr'>in</span> <span class='ocrx_word' id='word_1_46' title='bbox 1134 575 1300 618; x_wconf 82' lang='lat' dir='ltr'><strong>actione</strong></span> <span class='ocrx_word' id='word_1_47' title='bbox 1318 609 1331 631; x_wconf 87' lang='lat'>‚</span> <span class='ocrx_word' id='word_1_48' title='bbox 1364 579 1400 616; x_wconf 81' lang='grc' dir='ltr'>ἐν</span> <span class='ocrx_word' id='word_1_49' title='bbox 1431 579 1613 630; x_wconf 70' lang='grc' dir='ltr'>ἐνεργείᾳ,</span> <span class='ocrx_word' id='word_1_50' title='bbox 1635 590 1710 620; x_wconf 91' lang='lat' dir='ltr'><strong>seu</strong></span> <span class='ocrx_word' id='word_1_51' title='bbox 1726 578 1802 621; x_wconf 86' lang='lat' dir='ltr'>fie-</span> 
     </span>
     <span class='ocr_line' id='line_1_7' title="bbox 382 644 1799 704; baseline 0.006 -21"><span class='ocrx_word' id='word_1_52' title='bbox 382 645 449 683; x_wconf 84' lang='lat' dir='ltr'>ret</span> <span class='ocrx_word' id='word_1_53' title='bbox 478 659 503 680; x_wconf 83' lang='grc' dir='ltr'>π</span> <span class='ocrx_word' id='word_1_54' title='bbox 506 656 598 694; x_wconf 52' lang='lat' dir='ltr'>popo</span> <span class='ocrx_word' id='word_1_55' title='bbox 602 649 700 694; x_wconf 77' lang='grc' dir='ltr'>ρικὸς</span> <span class='ocrx_word' id='word_1_56' title='bbox 719 670 731 693; x_wconf 83' lang='grc'>,</span> <span class='ocrx_word' id='word_1_57' title='bbox 763 656 838 685; x_wconf 90' lang='lat' dir='ltr'><strong>seu</strong></span> <span class='ocrx_word' id='word_1_58' title='bbox 858 644 1111 699; x_wconf 81' lang='lat' dir='ltr'>procederet</span> <span class='ocrx_word' id='word_1_59' title='bbox 1129 678 1141 700; x_wconf 89' lang='lat'>,</span> <span class='ocrx_word' id='word_1_60' title='bbox 1165 650 1215 689; x_wconf 92' lang='lat' dir='ltr'>ut</span> <span class='ocrx_word' id='word_1_61' title='bbox 1237 659 1347 702; x_wconf 91' lang='lat' dir='ltr'><strong>opus</strong></span> <span class='ocrx_word' id='word_1_62' title='bbox 1369 648 1587 704; x_wconf 83' lang='lat' dir='ltr'><strong>quoddam</strong></span> <span class='ocrx_word' id='word_1_63' title='bbox 1610 655 1799 703; x_wconf 84' lang='lat' dir='ltr'><strong>navaret,</strong></span> 
     </span>
     <span class='ocr_line' id='line_1_8' title="bbox 383 712 1802 776; baseline 0.007 -22"><span class='ocrx_word' id='word_1_64' title='bbox 383 712 468 755; x_wconf 92' lang='lat' dir='ltr'>hoc</span> <span class='ocrx_word' id='word_1_65' title='bbox 498 713 696 756; x_wconf 85' lang='lat' dir='ltr'><strong>absoluto</strong></span> <span class='ocrx_word' id='word_1_66' title='bbox 726 714 966 758; x_wconf 84' lang='lat' dir='ltr'><strong>rediturum</strong></span> <span class='ocrx_word' id='word_1_67' title='bbox 997 729 1086 759; x_wconf 89' lang='lat' dir='ltr'><strong>esse</strong></span> <span class='ocrx_word' id='word_1_68' title='bbox 1115 717 1160 760; x_wconf 87' lang='lat' dir='ltr'>in</span> <span class='ocrx_word' id='word_1_69' title='bbox 1196 717 1317 761; x_wconf 91' lang='lat' dir='ltr'><strong>illum</strong></span> <span class='ocrx_word' id='word_1_70' title='bbox 1345 720 1391 762; x_wconf 94' lang='lat' dir='ltr'>in</span> <span class='ocrx_word' id='word_1_71' title='bbox 1421 731 1507 775; x_wconf 93' lang='lat' dir='ltr'>quo</span> <span class='ocrx_word' id='word_1_72' title='bbox 1538 721 1657 776; x_wconf 89' lang='lat' dir='ltr'><strong>prius</strong></span> <span class='ocrx_word' id='word_1_73' title='bbox 1693 726 1802 764; x_wconf 88' lang='lat' dir='ltr'><strong>esset</strong></span> 
     </span>
     <span class='ocr_line' id='line_1_9' title="bbox 382 787 1800 846; baseline 0.005 -21"><span class='ocrx_word' id='word_1_74' title='bbox 382 787 551 826; x_wconf 70' lang='lat' dir='ltr'>Statum:</span> <span class='ocrx_word' id='word_1_75' title='bbox 571 791 638 824; x_wconf 88' lang='grc' dir='ltr'>Τὸν</span> <span class='ocrx_word' id='word_1_76' title='bbox 655 788 688 825; x_wconf 83' lang='grc' dir='ltr'>ἐν</span> <span class='ocrx_word' id='word_1_77' title='bbox 706 788 762 838; x_wconf 64' lang='grc' dir='ltr'>τῷ</span> <span class='ocrx_word' id='word_1_78' title='bbox 778 790 857 838; x_wconf 83' lang='grc' dir='ltr'>Θεῷ</span> <span class='ocrx_word' id='word_1_79' title='bbox 871 790 995 840; x_wconf 82' lang='grc' dir='ltr'>λόγον,</span> <span class='ocrx_word' id='word_1_80' title='bbox 1012 792 1154 831; x_wconf 72' lang='lat' dir='ltr'><strong>narrat</strong></span> <span class='ocrx_word' id='word_1_81' title='bbox 1169 790 1388 846; x_wconf 74' lang='lat' dir='ltr'>Eusebius,</span> <span class='ocrx_word' id='word_1_82' title='bbox 1402 797 1490 832; x_wconf 87' lang='grc' dir='ltr'>ποτὲ</span> <span class='ocrx_word' id='word_1_83' title='bbox 1506 797 1566 845; x_wconf 81' lang='grc' dir='ltr'>μὲν</span> <span class='ocrx_word' id='word_1_84' title='bbox 1585 795 1688 832; x_wconf 77' lang='grc' dir='ltr'>ἔνδον</span> <span class='ocrx_word' id='word_1_85' title='bbox 1707 794 1800 833; x_wconf 79' lang='grc' dir='ltr'>εἶναι</span> 
     </span>
     <span class='ocr_line' id='line_1_10' title="bbox 382 856 1801 918; baseline 0.008 -26"><span class='ocrx_word' id='word_1_86' title='bbox 382 856 417 893; x_wconf 80' lang='grc' dir='ltr'>ἐν</span> <span class='ocrx_word' id='word_1_87' title='bbox 452 858 501 907; x_wconf 82' lang='grc' dir='ltr'><em>τῷ</em></span> <span class='ocrx_word' id='word_1_88' title='bbox 531 861 610 910; x_wconf 81' lang='grc' dir='ltr'>Θεῷ</span> <span class='ocrx_word' id='word_1_89' title='bbox 639 862 789 911; x_wconf 71' lang='grc' dir='ltr'>ἔφασκε,</span> <span class='ocrx_word' id='word_1_90' title='bbox 818 866 908 899; x_wconf 86' lang='grc' dir='ltr'>ποτὲ</span> <span class='ocrx_word' id='word_1_91' title='bbox 940 861 980 899; x_wconf 73' lang='grc' dir='ltr'>δὲ</span> <span class='ocrx_word' id='word_1_92' title='bbox 1011 866 1177 914; x_wconf 76' lang='grc' dir='ltr'>προϊέναι</span> <span class='ocrx_word' id='word_1_93' title='bbox 1207 871 1272 901; x_wconf 84' lang='grc' dir='ltr'>τοῦ</span> <span class='ocrx_word' id='word_1_94' title='bbox 1303 871 1420 918; x_wconf 75' lang='grc' dir='ltr'>Θεοῦ,</span> <span class='ocrx_word' id='word_1_95' title='bbox 1455 871 1514 904; x_wconf 72' lang='grc' dir='ltr'>καὶ</span> <span class='ocrx_word' id='word_1_96' title='bbox 1545 868 1672 905; x_wconf 78' lang='grc' dir='ltr'>ἄλλοτε</span> <span class='ocrx_word' id='word_1_97' title='bbox 1695 869 1801 905; x_wconf 77' lang='grc' dir='ltr'>πάλιν</span> 
     </span>
     <span class='ocr_line' id='line_1_11' title="bbox 380 929 1797 991; baseline 0.006 -24"><span class='ocrx_word' id='word_1_98' title='bbox 380 929 676 982; x_wconf 77' lang='grc' dir='ltr'>ἀναδραμεῖσθαι</span> <span class='ocrx_word' id='word_1_99' title='bbox 707 935 757 976; x_wconf 82' lang='grc' dir='ltr'>εἰς</span> <span class='ocrx_word' id='word_1_100' title='bbox 790 938 852 971; x_wconf 85' lang='grc' dir='ltr'>τὸν</span> <span class='ocrx_word' id='word_1_101' title='bbox 873 939 986 983; x_wconf 78' lang='grc' dir='ltr'>Θεὸν,</span> <span class='ocrx_word' id='word_1_102' title='bbox 1017 940 1077 972; x_wconf 79' lang='grc' dir='ltr'>καὶ</span> <span class='ocrx_word' id='word_1_103' title='bbox 1101 938 1245 973; x_wconf 81' lang='grc' dir='ltr'>ἔσεσθαι</span> <span class='ocrx_word' id='word_1_104' title='bbox 1267 938 1304 973; x_wconf 83' lang='grc' dir='ltr'>ἐν</span> <span class='ocrx_word' id='word_1_105' title='bbox 1327 939 1426 988; x_wconf 81' lang='grc' dir='ltr'>αὐτῷ</span> <span class='ocrx_word' id='word_1_106' title='bbox 1455 943 1501 981; x_wconf 79' lang='grc' dir='ltr'>ὡς</span> <span class='ocrx_word' id='word_1_107' title='bbox 1533 939 1797 991; x_wconf 76' lang='grc' dir='ltr'>καὶπρότερον</span> 
     </span>
     <span class='ocr_line' id='line_1_12' title="bbox 380 1001 1801 1066; baseline 0.008 -21"><span class='ocrx_word' id='word_1_108' title='bbox 380 1001 432 1045; x_wconf 65' lang='grc' dir='ltr'>ἦν.</span> <span class='ocrx_word' id='word_1_109' title='bbox 455 1014 501 1056; x_wconf 90' lang='lat' dir='ltr'>p.</span> <span class='ocrx_word' id='word_1_110' title='bbox 534 1003 631 1056; x_wconf 78' lang='lat'>112,</span> <span class='ocrx_word' id='word_1_111' title='bbox 657 1015 696 1045; x_wconf 91' lang='lat' dir='ltr'>c.</span> <span class='ocrx_word' id='word_1_112' title='bbox 712 1004 791 1046; x_wconf 90' lang='lat' dir='ltr'>Vel</span> <span class='ocrx_word' id='word_1_113' title='bbox 812 1009 862 1046; x_wconf 91' lang='lat' dir='ltr'>ut</span> <span class='ocrx_word' id='word_1_114' title='bbox 883 1005 987 1060; x_wconf 89' lang='lat' dir='ltr'><strong>ipsis</strong></span> <span class='ocrx_word' id='word_1_115' title='bbox 1007 1006 1194 1048; x_wconf 79' lang='lat' dir='ltr'>Marcelli</span> <span class='ocrx_word' id='word_1_116' title='bbox 1212 1007 1354 1050; x_wconf 89' lang='lat' dir='ltr'><strong>verbis</strong></span> <span class='ocrx_word' id='word_1_117' title='bbox 1377 1013 1494 1063; x_wconf 81' lang='lat' dir='ltr'><strong>utar,</strong></span> <span class='ocrx_word' id='word_1_118' title='bbox 1529 1007 1581 1054; x_wconf 75' lang='grc' dir='ltr'>εἷς</span> <span class='ocrx_word' id='word_1_119' title='bbox 1598 1018 1687 1056; x_wconf 79' lang='grc' dir='ltr'>Θεὸς</span> <span class='ocrx_word' id='word_1_120' title='bbox 1707 1043 1720 1066; x_wconf 83' lang='grc'>,</span> <span class='ocrx_word' id='word_1_121' title='bbox 1743 1018 1801 1050; x_wconf 72' lang='grc' dir='ltr'>καὶ</span> 
     </span>
     <span class='ocr_line' id='line_1_13' title="bbox 383 1076 1799 1134; baseline 0.007 -22"><span class='ocrx_word' id='word_1_122' title='bbox 383 1078 402 1112; x_wconf 87' lang='grc' dir='ltr'><strong>ὁ</strong></span> <span class='ocrx_word' id='word_1_123' title='bbox 433 1076 569 1113; x_wconf 84' lang='grc' dir='ltr'>τούΊου</span> <span class='ocrx_word' id='word_1_124' title='bbox 597 1076 706 1128; x_wconf 86' lang='grc' dir='ltr'>λόγος</span> <span class='ocrx_word' id='word_1_125' title='bbox 729 1082 815 1122; x_wconf 82' lang='grc' dir='ltr'>Θεὸς</span> <span class='ocrx_word' id='word_1_126' title='bbox 835 1080 991 1130; x_wconf 86' lang='grc' dir='ltr'>προῆλθε</span> <span class='ocrx_word' id='word_1_127' title='bbox 1013 1083 1074 1131; x_wconf 83' lang='grc' dir='ltr'>μὲν</span> <span class='ocrx_word' id='word_1_128' title='bbox 1105 1086 1171 1118; x_wconf 82' lang='grc' dir='ltr'>τοῦ</span> <span class='ocrx_word' id='word_1_129' title='bbox 1191 1085 1359 1134; x_wconf 71' lang='grc' dir='ltr'>πατρὸς,</span> <span class='ocrx_word' id='word_1_130' title='bbox 1381 1078 1443 1118; x_wconf 82' lang='grc' dir='ltr'>ἶνα</span> <span class='ocrx_word' id='word_1_131' title='bbox 1469 1086 1590 1123; x_wconf 76' lang='grc' dir='ltr'>πάντα</span> <span class='ocrx_word' id='word_1_132' title='bbox 1615 1084 1664 1122; x_wconf 73' lang='grc' dir='ltr'>δι’</span> <span class='ocrx_word' id='word_1_133' title='bbox 1687 1086 1799 1123; x_wconf 76' lang='grc' dir='ltr'>αὑτοῦ</span> 
     </span>
     <span class='ocr_line' id='line_1_14' title="bbox 380 1149 1798 1203; baseline 0.007 -19"><span class='ocrx_word' id='word_1_134' title='bbox 380 1151 543 1199; x_wconf 70' lang='grc' dir='ltr'>γένηται·</span> <span class='ocrx_word' id='word_1_135' title='bbox 575 1155 665 1200; x_wconf 81' lang='grc' dir='ltr'>μετὰ</span> <span class='ocrx_word' id='word_1_136' title='bbox 705 1149 744 1187; x_wconf 76' lang='grc' dir='ltr'>δὲ</span> <span class='ocrx_word' id='word_1_137' title='bbox 784 1157 844 1190; x_wconf 82' lang='grc' dir='ltr'>τὸν</span> <span class='ocrx_word' id='word_1_138' title='bbox 883 1157 1011 1203; x_wconf 80' lang='grc' dir='ltr'>καιρὸν</span> <span class='ocrx_word' id='word_1_139' title='bbox 1052 1161 1112 1194; x_wconf 74' lang='grc' dir='ltr'>τῆς</span> <span class='ocrx_word' id='word_1_140' title='bbox 1152 1157 1299 1203; x_wconf 77' lang='grc' dir='ltr'>κρίσεως</span> <span class='ocrx_word' id='word_1_141' title='bbox 1331 1159 1391 1191; x_wconf 78' lang='grc' dir='ltr'>καὶ</span> <span class='ocrx_word' id='word_1_142' title='bbox 1425 1160 1486 1196; x_wconf 78' lang='grc' dir='ltr'>τὴν</span> <span class='ocrx_word' id='word_1_143' title='bbox 1520 1164 1590 1194; x_wconf 83' lang='grc' dir='ltr'>τῶν</span> <span class='ocrx_word' id='word_1_144' title='bbox 1631 1159 1798 1196; x_wconf 77' lang='grc' dir='ltr'>ἁπάντων</span> 
     </span>
     <span class='ocr_line' id='line_1_15' title="bbox 380 1219 1800 1280; baseline 0.007 -24"><span class='ocrx_word' id='word_1_145' title='bbox 380 1219 571 1273; x_wconf 71' lang='grc' dir='ltr'>ὃιέρθωσιν</span> <span class='ocrx_word' id='word_1_146' title='bbox 600 1227 660 1258; x_wconf 75' lang='grc' dir='ltr'>καὶ</span> <span class='ocrx_word' id='word_1_147' title='bbox 685 1227 744 1260; x_wconf 84' lang='grc' dir='ltr'>τὸν</span> <span class='ocrx_word' id='word_1_148' title='bbox 777 1224 973 1275; x_wconf 75' lang='grc' dir='ltr'>ἀφανισμὸν</span> <span class='ocrx_word' id='word_1_149' title='bbox 995 1231 1056 1267; x_wconf 73' lang='grc' dir='ltr'>τῆς</span> <span class='ocrx_word' id='word_1_150' title='bbox 1079 1226 1320 1277; x_wconf 73' lang='grc' dir='ltr'>ἀντικειμένης</span> <span class='ocrx_word' id='word_1_151' title='bbox 1343 1229 1480 1270; x_wconf 78' lang='grc' dir='ltr'>ἁπάσης</span> <span class='ocrx_word' id='word_1_152' title='bbox 1503 1228 1696 1280; x_wconf 82' lang='grc' dir='ltr'>ἐνεργείας,</span> <span class='ocrx_word' id='word_1_153' title='bbox 1715 1232 1800 1268; x_wconf 77' lang='grc' dir='ltr'>τότε</span> 
     </span>
     <span class='ocr_line' id='line_1_16' title="bbox 381 1295 1798 1355; baseline 0.008 -25"><span class='ocrx_word' id='word_1_154' title='bbox 381 1295 491 1336; x_wconf 67' lang='grc' dir='ltr'>αὐτὸς</span> <span class='ocrx_word' id='word_1_155' title='bbox 524 1296 797 1345; x_wconf 66' lang='grc' dir='ltr'>ὑποταγήσεται</span> <span class='ocrx_word' id='word_1_156' title='bbox 827 1298 878 1346; x_wconf 72' lang='grc' dir='ltr'>τῷ</span> <span class='ocrx_word' id='word_1_157' title='bbox 909 1299 1131 1342; x_wconf 68' lang='grc' dir='ltr'>ὑποτάξαντι</span> <span class='ocrx_word' id='word_1_158' title='bbox 1155 1300 1254 1348; x_wconf 77' lang='grc' dir='ltr'>αὐτῷ</span> <span class='ocrx_word' id='word_1_159' title='bbox 1277 1303 1322 1338; x_wconf 78' lang='grc' dir='ltr'>τὰ</span> <span class='ocrx_word' id='word_1_160' title='bbox 1343 1304 1468 1339; x_wconf 76' lang='grc' dir='ltr'>πάντα</span> <span class='ocrx_word' id='word_1_161' title='bbox 1492 1303 1573 1352; x_wconf 73' lang='grc' dir='ltr'>Θεῷ</span> <span class='ocrx_word' id='word_1_162' title='bbox 1592 1308 1649 1340; x_wconf 81' lang='grc' dir='ltr'>καὶ</span> <span class='ocrx_word' id='word_1_163' title='bbox 1671 1310 1798 1355; x_wconf 74' lang='grc' dir='ltr'>πατρὶ,</span> 
     </span>
     <span class='ocr_line' id='line_1_17' title="bbox 376 1363 1798 1425; baseline 0.009 -23"><span class='ocrx_word' id='word_1_164' title='bbox 376 1363 438 1403; x_wconf 76' lang='grc' dir='ltr'>’ἱνα</span> <span class='ocrx_word' id='word_1_165' title='bbox 462 1363 573 1409; x_wconf 72' lang='grc' dir='ltr'>οὕτως</span> <span class='ocrx_word' id='word_1_166' title='bbox 603 1366 625 1419; x_wconf 70' lang='grc' dir='ltr'>ᾗ</span> <span class='ocrx_word' id='word_1_167' title='bbox 657 1368 691 1404; x_wconf 84' lang='grc' dir='ltr'>ἐν</span> <span class='ocrx_word' id='word_1_168' title='bbox 724 1370 804 1418; x_wconf 81' lang='grc' dir='ltr'>Θεῷ</span> <span class='ocrx_word' id='word_1_169' title='bbox 835 1373 852 1406; x_wconf 84' lang='grc' dir='ltr'><strong>ὁ</strong></span> <span class='ocrx_word' id='word_1_170' title='bbox 876 1369 1001 1424; x_wconf 69' lang='grc' dir='ltr'>λόγος,</span> <span class='ocrx_word' id='word_1_171' title='bbox 1033 1366 1158 1422; x_wconf 75' lang='grc' dir='ltr'>ὥσπερ</span> <span class='ocrx_word' id='word_1_172' title='bbox 1191 1375 1251 1409; x_wconf 83' lang='grc' dir='ltr'>καὶ</span> <span class='ocrx_word' id='word_1_173' title='bbox 1282 1371 1464 1424; x_wconf 77' lang='grc' dir='ltr'>πρότερον</span> <span class='ocrx_word' id='word_1_174' title='bbox 1497 1373 1535 1411; x_wconf 72' lang='grc' dir='ltr'>ἦν</span> <span class='ocrx_word' id='word_1_175' title='bbox 1560 1380 1631 1425; x_wconf 79' lang='grc' dir='ltr'>πρὸ</span> <span class='ocrx_word' id='word_1_176' title='bbox 1647 1383 1712 1414; x_wconf 78' lang='grc' dir='ltr'>τοῦ</span> <span class='ocrx_word' id='word_1_177' title='bbox 1735 1382 1798 1415; x_wconf 83' lang='grc' dir='ltr'>τὸν</span> 
     </span>
     <span class='ocr_line' id='line_1_18' title="bbox 379 1437 1151 1495; baseline 0.008 -19"><span class='ocrx_word' id='word_1_178' title='bbox 379 1437 512 1489; x_wconf 71' lang='grc' dir='ltr'>κόσμον</span> <span class='ocrx_word' id='word_1_179' title='bbox 546 1437 651 1475; x_wconf 71' lang='grc' dir='ltr'>εἶναι.</span> <span class='ocrx_word' id='word_1_180' title='bbox 691 1438 847 1480; x_wconf 80' lang='lat' dir='ltr'><strong>Euseb.</strong></span> <span class='ocrx_word' id='word_1_181' title='bbox 873 1451 919 1495; x_wconf 81' lang='lat' dir='ltr'>p.</span> <span class='ocrx_word' id='word_1_182' title='bbox 945 1440 992 1481; x_wconf 82' lang='grc'>41</span> <span class='ocrx_word' id='word_1_183' title='bbox 1009 1472 1018 1482; x_wconf 93' lang='grc'><em>.</em></span> <span class='ocrx_word' id='word_1_184' title='bbox 1043 1453 1082 1482; x_wconf 81' lang='lat' dir='ltr'>c.</span> <span class='ocrx_word' id='word_1_185' title='bbox 1107 1439 1151 1482; x_wconf 89' lang='lat' dir='ltr'>d.</span> 
     </span>
    </p>

    <p class='ocr_par' dir='ltr' id='par_1_4' title="bbox 377 1508 1799 1859">
     <span class='ocr_line' id='line_1_19' title="bbox 467 1508 1799 1569; baseline 0.009 -19"><span class='ocrx_word' id='word_1_186' title='bbox 467 1508 595 1562; x_wconf 87' lang='lat' dir='ltr'><strong>Quod</strong></span> <span class='ocrx_word' id='word_1_187' title='bbox 624 1509 877 1552; x_wconf 80' lang='lat' dir='ltr'><strong>corroborat</strong></span> <span class='ocrx_word' id='word_1_188' title='bbox 914 1511 1092 1553; x_wconf 78' lang='lat' dir='ltr'><strong>Basilius</strong></span> <span class='ocrx_word' id='word_1_189' title='bbox 1128 1524 1302 1567; x_wconf 90' lang='lat' dir='ltr'><strong>quoque</strong></span> <span class='ocrx_word' id='word_1_190' title='bbox 1340 1512 1385 1555; x_wconf 86' lang='lat' dir='ltr'>in</span> <span class='ocrx_word' id='word_1_191' title='bbox 1423 1515 1603 1569; x_wconf 83' lang='lat' dir='ltr'><strong>epistola</strong></span> <span class='ocrx_word' id='word_1_192' title='bbox 1629 1530 1706 1560; x_wconf 83' lang='lat' dir='ltr'><strong>sua</strong></span> <span class='ocrx_word' id='word_1_193' title='bbox 1745 1519 1799 1562; x_wconf 81' lang='lat' dir='ltr'>ad</span> 
     </span>
     <span class='ocr_line' id='line_1_20' title="bbox 379 1580 1793 1642; baseline 0.007 -20"><span class='ocrx_word' id='word_1_194' title='bbox 379 1580 657 1623; x_wconf 77' lang='lat' dir='ltr'><strong>Athanasium</strong></span> <span class='ocrx_word' id='word_1_195' title='bbox 682 1582 831 1635; x_wconf 84' lang='lat' dir='ltr'><strong>missa,</strong></span> <span class='ocrx_word' id='word_1_196' title='bbox 865 1595 963 1624; x_wconf 94' lang='lat' dir='ltr'>cum</span> <span class='ocrx_word' id='word_1_197' title='bbox 999 1583 1244 1626; x_wconf 86' lang='lat' dir='ltr'><strong>Marcellum</strong></span> <span class='ocrx_word' id='word_1_198' title='bbox 1282 1584 1533 1628; x_wconf 86' lang='lat' dir='ltr'><strong>testificatur</strong></span> <span class='ocrx_word' id='word_1_199' title='bbox 1570 1587 1793 1642; x_wconf 82' lang='lat' dir='ltr'>docuisse,</span> 
     </span>
     <span class='ocr_line' id='line_1_21' title="bbox 379 1654 1798 1713; baseline 0.007 -22"><span class='ocrx_word' id='word_1_200' title='bbox 379 1654 488 1706; x_wconf 84' lang='grc' dir='ltr'>λόγον</span> <span class='ocrx_word' id='word_1_201' title='bbox 520 1658 685 1706; x_wconf 72' lang='grc' dir='ltr'>εἰρῆσθαι</span> <span class='ocrx_word' id='word_1_202' title='bbox 713 1660 775 1693; x_wconf 89' lang='grc' dir='ltr'>τὸν</span> <span class='ocrx_word' id='word_1_203' title='bbox 807 1664 1010 1707; x_wconf 68' lang='grc' dir='ltr'>μονογενῆ,</span> <span class='ocrx_word' id='word_1_204' title='bbox 1042 1661 1136 1694; x_wconf 81' lang='grc' dir='ltr'>κατὰ</span> <span class='ocrx_word' id='word_1_205' title='bbox 1160 1662 1294 1709; x_wconf 78' lang='grc' dir='ltr'>χρείαν</span> <span class='ocrx_word' id='word_1_206' title='bbox 1316 1662 1375 1694; x_wconf 81' lang='grc' dir='ltr'>καὶ</span> <span class='ocrx_word' id='word_1_207' title='bbox 1402 1659 1459 1696; x_wconf 75' lang='grc' dir='ltr'>ἐπὶ</span> <span class='ocrx_word' id='word_1_208' title='bbox 1482 1669 1614 1712; x_wconf 81' lang='grc' dir='ltr'>καιροῦ</span> <span class='ocrx_word' id='word_1_209' title='bbox 1637 1667 1798 1713; x_wconf 83' lang='grc' dir='ltr'>προσελ-</span> 
     </span>
     <span class='ocr_line' id='line_1_22' title="bbox 377 1725 1795 1788; baseline 0.008 -25"><span class='ocrx_word' id='word_1_210' title='bbox 377 1728 520 1779; x_wconf 74' lang='grc' dir='ltr'>θόντα,</span> <span class='ocrx_word' id='word_1_211' title='bbox 553 1728 659 1764; x_wconf 82' lang='grc' dir='ltr'>πάλιν</span> <span class='ocrx_word' id='word_1_212' title='bbox 694 1727 734 1764; x_wconf 73' lang='grc' dir='ltr'>δὲ</span> <span class='ocrx_word' id='word_1_213' title='bbox 767 1731 819 1770; x_wconf 83' lang='grc' dir='ltr'>εἰς</span> <span class='ocrx_word' id='word_1_214' title='bbox 851 1734 914 1767; x_wconf 81' lang='grc' dir='ltr'>τὸν</span> <span class='ocrx_word' id='word_1_215' title='bbox 947 1725 1024 1766; x_wconf 77' lang='grc' dir='ltr'>ὅθεν</span> <span class='ocrx_word' id='word_1_216' title='bbox 1057 1730 1195 1773; x_wconf 69' lang='grc' dir='ltr'>ἐξῆλθεν</span> <span class='ocrx_word' id='word_1_217' title='bbox 1228 1730 1591 1787; x_wconf 70' lang='grc' dir='ltr'>ἐπαναστρὲψαντα,</span> <span class='ocrx_word' id='word_1_218' title='bbox 1624 1732 1705 1774; x_wconf 71' lang='grc' dir='ltr'>οὔτε</span> <span class='ocrx_word' id='word_1_219' title='bbox 1723 1743 1795 1788; x_wconf 72' lang='grc' dir='ltr'>πρὸ</span> 
     </span>
     <span class='ocr_line' id='line_1_23' title="bbox 377 1798 1733 1859; baseline 0.007 -24"><span class='ocrx_word' id='word_1_220' title='bbox 377 1806 439 1842; x_wconf 76' lang='grc' dir='ltr'>τῆς</span> <span class='ocrx_word' id='word_1_221' title='bbox 472 1798 600 1842; x_wconf 74' lang='grc' dir='ltr'>ἐξόδου</span> <span class='ocrx_word' id='word_1_222' title='bbox 633 1799 751 1854; x_wconf 68' lang='grc' dir='ltr'>εἶναι,</span> <span class='ocrx_word' id='word_1_223' title='bbox 786 1803 867 1839; x_wconf 77' lang='grc' dir='ltr'>οὔτε</span> <span class='ocrx_word' id='word_1_224' title='bbox 897 1806 987 1853; x_wconf 73' lang='grc' dir='ltr'>μετὰ.</span> <span class='ocrx_word' id='word_1_225' title='bbox 1019 1807 1080 1843; x_wconf 81' lang='grc' dir='ltr'>τὴν</span> <span class='ocrx_word' id='word_1_226' title='bbox 1117 1802 1295 1840; x_wconf 77' lang='grc' dir='ltr'>ἐπάνοδον</span> <span class='ocrx_word' id='word_1_227' title='bbox 1330 1807 1636 1859; x_wconf 51' lang='lat' dir='ltr'>&amp;peccavere-Ep.</span> <span class='ocrx_word' id='word_1_228' title='bbox 1662 1808 1733 1849; x_wconf 79' lang='lat'>52.</span> 
     </span>
    </p>

    <p class='ocr_par' dir='ltr' id='par_1_5' title="bbox 373 1871 1798 2214">
     <span class='ocr_line' id='line_1_24' title="bbox 467 1871 1798 1932; baseline 0.008 -20"><span class='ocrx_word' id='word_1_229' title='bbox 467 1872 549 1923; x_wconf 91' lang='lat' dir='ltr'><strong>(ll)</strong></span> <span class='ocrx_word' id='word_1_230' title='bbox 580 1871 678 1913; x_wconf 88' lang='lat' dir='ltr'>Non</span> <span class='ocrx_word' id='word_1_231' title='bbox 716 1871 904 1914; x_wconf 90' lang='lat' dir='ltr'><strong>Verbum</strong></span> <span class='ocrx_word' id='word_1_232' title='bbox 933 1871 1008 1915; x_wconf 89' lang='lat' dir='ltr'><strong>sed</strong></span> <span class='ocrx_word' id='word_1_233' title='bbox 1042 1874 1187 1915; x_wconf 88' lang='lat' dir='ltr'><strong>Jesum</strong></span> <span class='ocrx_word' id='word_1_234' title='bbox 1225 1887 1314 1917; x_wconf 83' lang='lat' dir='ltr'><strong>esse</strong></span> <span class='ocrx_word' id='word_1_235' title='bbox 1348 1876 1429 1918; x_wconf 88' lang='lat' dir='ltr'>Dei</span> <span class='ocrx_word' id='word_1_236' title='bbox 1463 1878 1631 1920; x_wconf 87' lang='lat' dir='ltr'><strong>Filium.</strong></span> <span class='ocrx_word' id='word_1_237' title='bbox 1672 1879 1798 1932; x_wconf 88' lang='lat' dir='ltr'><strong>Quod</strong></span> 
     </span>
     <span class='ocr_line' id='line_1_25' title="bbox 377 1941 1795 2006; baseline 0.008 -23"><span class='ocrx_word' id='word_1_238' title='bbox 377 1941 550 1998; x_wconf 92' lang='lat' dir='ltr'><strong>quidem</strong></span> <span class='ocrx_word' id='word_1_239' title='bbox 565 1972 577 1995; x_wconf 88' lang='lat'>,</span> <span class='ocrx_word' id='word_1_240' title='bbox 598 1942 842 1986; x_wconf 85' lang='lat' dir='ltr'><strong>involutum</strong></span> <span class='ocrx_word' id='word_1_241' title='bbox 861 1944 960 1986; x_wconf 91' lang='lat' dir='ltr'><strong>licet</strong></span> <span class='ocrx_word' id='word_1_242' title='bbox 979 1945 1025 1986; x_wconf 90' lang='lat' dir='ltr'>in</span> <span class='ocrx_word' id='word_1_243' title='bbox 1046 1945 1098 1987; x_wconf 90' lang='lat' dir='ltr'><strong>iis</strong></span> <span class='ocrx_word' id='word_1_244' title='bbox 1119 1958 1228 2000; x_wconf 86' lang='lat' dir='ltr'><strong>quae</strong></span> <span class='ocrx_word' id='word_1_245' title='bbox 1243 1945 1333 2001; x_wconf 78' lang='lat' dir='ltr'>jam</span> <span class='ocrx_word' id='word_1_246' title='bbox 1352 1949 1478 1992; x_wconf 83' lang='lat' dir='ltr'><strong>citata</strong></span> <span class='ocrx_word' id='word_1_247' title='bbox 1495 1955 1593 1992; x_wconf 89' lang='lat' dir='ltr'><strong>sunt</strong></span> <span class='ocrx_word' id='word_1_248' title='bbox 1608 1983 1620 2005; x_wconf 91' lang='lat'>,</span> <span class='ocrx_word' id='word_1_249' title='bbox 1638 1955 1795 2006; x_wconf 80' lang='lat' dir='ltr'><strong>tamen,</strong></span> 
     </span>
     <span class='ocr_line' id='line_1_26' title="bbox 376 2014 1795 2075; baseline 0.008 -20"><span class='ocrx_word' id='word_1_250' title='bbox 376 2026 474 2056; x_wconf 92' lang='lat' dir='ltr'>cum</span> <span class='ocrx_word' id='word_1_251' title='bbox 502 2017 592 2056; x_wconf 85' lang='lat' dir='ltr'>tam</span> <span class='ocrx_word' id='word_1_252' title='bbox 621 2014 808 2069; x_wconf 84' lang='lat' dir='ltr'><strong>amplum</strong></span> <span class='ocrx_word' id='word_1_253' title='bbox 837 2015 1014 2070; x_wconf 81' lang='lat' dir='ltr'><strong>impleat</strong></span> <span class='ocrx_word' id='word_1_254' title='bbox 1042 2018 1226 2072; x_wconf 84' lang='lat' dir='ltr'><strong>spatium</strong></span> <span class='ocrx_word' id='word_1_255' title='bbox 1254 2019 1299 2061; x_wconf 92' lang='lat' dir='ltr'>in</span> <span class='ocrx_word' id='word_1_256' title='bbox 1330 2025 1479 2075; x_wconf 81' lang='lat' dir='ltr'><strong>quarta</strong></span> <span class='ocrx_word' id='word_1_257' title='bbox 1499 2026 1649 2065; x_wconf 83' lang='lat' dir='ltr'><strong>contra</strong></span> <span class='ocrx_word' id='word_1_258' title='bbox 1670 2024 1795 2066; x_wconf 81' lang='lat' dir='ltr'><strong>Aria-</strong></span> 
     </span>
     <span class='ocr_line' id='line_1_27' title="bbox 375 2086 1795 2147; baseline 0.008 -20"><span class='ocrx_word' id='word_1_259' title='bbox 375 2098 456 2128; x_wconf 90' lang='lat' dir='ltr'>nos</span> <span class='ocrx_word' id='word_1_260' title='bbox 471 2116 484 2139; x_wconf 84' lang='lat'>,</span> <span class='ocrx_word' id='word_1_261' title='bbox 515 2086 717 2129; x_wconf 85' lang='lat' dir='ltr'><strong>Marcello</strong></span> <span class='ocrx_word' id='word_1_262' title='bbox 740 2091 881 2129; x_wconf 82' lang='lat' dir='ltr'><strong>autem</strong></span> <span class='ocrx_word' id='word_1_263' title='bbox 900 2092 941 2130; x_wconf 90' lang='lat' dir='ltr'>et</span> <span class='ocrx_word' id='word_1_264' title='bbox 963 2088 1151 2131; x_wconf 89' lang='lat' dir='ltr'><strong>Photino</strong></span> <span class='ocrx_word' id='word_1_265' title='bbox 1175 2102 1201 2131; x_wconf 82' lang='lat' dir='ltr'>a</span> <span class='ocrx_word' id='word_1_266' title='bbox 1221 2091 1348 2133; x_wconf 84' lang='lat' dir='ltr'><strong>variis</strong></span> <span class='ocrx_word' id='word_1_267' title='bbox 1369 2093 1649 2147; x_wconf 87' lang='lat' dir='ltr'><strong>scriptoribus</strong></span> <span class='ocrx_word' id='word_1_268' title='bbox 1672 2096 1795 2137; x_wconf 83' lang='lat' dir='ltr'><strong>attri-</strong></span> 
     </span>
     <span class='ocr_line' id='line_1_28' title="bbox 373 2157 1542 2214; baseline 0.006 -14"><span class='ocrx_word' id='word_1_269' title='bbox 373 2157 528 2201; x_wconf 89' lang='lat' dir='ltr'><strong>butum</strong></span> <span class='ocrx_word' id='word_1_270' title='bbox 544 2190 556 2212; x_wconf 90' lang='lat'>,</span> <span class='ocrx_word' id='word_1_271' title='bbox 588 2157 660 2200; x_wconf 91' lang='lat' dir='ltr'>hic</span> <span class='ocrx_word' id='word_1_272' title='bbox 687 2159 733 2201; x_wconf 91' lang='lat' dir='ltr'>in</span> <span class='ocrx_word' id='word_1_273' title='bbox 761 2159 955 2214; x_wconf 86' lang='lat' dir='ltr'><strong>pleniore</strong></span> <span class='ocrx_word' id='word_1_274' title='bbox 990 2160 1149 2203; x_wconf 88' lang='lat' dir='ltr'><strong>lumine</strong></span> <span class='ocrx_word' id='word_1_275' title='bbox 1178 2160 1305 2204; x_wconf 86' lang='lat' dir='ltr'><strong>debet</strong></span> <span class='ocrx_word' id='word_1_276' title='bbox 1326 2163 1542 2207; x_wconf 83' lang='lat' dir='ltr'><strong>collocari.</strong></span> 
     </span>
    </p>

    <p class='ocr_par' dir='ltr' id='par_1_6' title="bbox 372 2232 1796 2724">
     <span class='ocr_line' id='line_1_29' title="bbox 463 2232 1796 2288; baseline 0.007 -21"><span class='ocrx_word' id='word_1_277' title='bbox 463 2232 563 2281; x_wconf 81' lang='grc' dir='ltr'>Ιὲρός</span> <span class='ocrx_word' id='word_1_278' title='bbox 595 2232 800 2275; x_wconf 78' lang='grc' dir='ltr'>ἀποστολός</span> <span class='ocrx_word' id='word_1_279' title='bbox 839 2247 878 2271; x_wconf 85' lang='grc' dir='ltr'>τε</span> <span class='ocrx_word' id='word_1_280' title='bbox 917 2238 977 2270; x_wconf 72' lang='grc' dir='ltr'>καὶ</span> <span class='ocrx_word' id='word_1_281' title='bbox 1014 2236 1167 2286; x_wconf 78' lang='grc' dir='ltr'>μαθητὴς</span> <span class='ocrx_word' id='word_1_282' title='bbox 1208 2242 1274 2273; x_wconf 80' lang='grc' dir='ltr'>τοῦ</span> <span class='ocrx_word' id='word_1_283' title='bbox 1313 2242 1444 2288; x_wconf 81' lang='grc' dir='ltr'>Κυρίου</span> <span class='ocrx_word' id='word_1_284' title='bbox 1479 2241 1656 2288; x_wconf 85' lang='grc' dir='ltr'>Ιωάννης,</span> <span class='ocrx_word' id='word_1_285' title='bbox 1691 2238 1796 2282; x_wconf 80' lang='lat' dir='ltr'><strong>dicit</strong></span> 
     </span>
     <span class='ocr_line' id='line_1_30' title="bbox 373 2300 1793 2366; baseline 0.005 -25"><span class='ocrx_word' id='word_1_286' title='bbox 373 2300 598 2343; x_wconf 84' lang='lat' dir='ltr'><strong>Marcellus</strong></span> <span class='ocrx_word' id='word_1_287' title='bbox 627 2301 744 2357; x_wconf 87' lang='lat' dir='ltr'><strong>apud</strong></span> <span class='ocrx_word' id='word_1_288' title='bbox 772 2303 1001 2346; x_wconf 87' lang='lat' dir='ltr'><strong>Eusebium</strong></span> <span class='ocrx_word' id='word_1_289' title='bbox 1023 2335 1034 2358; x_wconf 89' lang='lat'>,</span> <span class='ocrx_word' id='word_1_290' title='bbox 1067 2314 1129 2348; x_wconf 77' lang='grc' dir='ltr'>τὴς</span> <span class='ocrx_word' id='word_1_291' title='bbox 1165 2307 1378 2351; x_wconf 74' lang='grc' dir='ltr'>ἀῑὸιότητος</span> <span class='ocrx_word' id='word_1_292' title='bbox 1401 2311 1514 2348; x_wconf 80' lang='grc' dir='ltr'>αὐτοῦ</span> <span class='ocrx_word' id='word_1_293' title='bbox 1539 2311 1760 2362; x_wconf 69' lang='grc' dir='ltr'>μνημονεύων</span> <span class='ocrx_word' id='word_1_294' title='bbox 1781 2343 1793 2366; x_wconf 82' lang='lat'>‚</span> 
     </span>
     <span class='ocr_line' id='line_1_31' title="bbox 377 2374 1794 2434; baseline 0.008 -25"><span class='ocrx_word' id='word_1_295' title='bbox 377 2374 505 2415; x_wconf 74' lang='grc' dir='ltr'>ἀληθὴς</span> <span class='ocrx_word' id='word_1_296' title='bbox 537 2375 702 2425; x_wconf 82' lang='grc' dir='ltr'>ἐγίγνετο</span> <span class='ocrx_word' id='word_1_297' title='bbox 736 2385 803 2414; x_wconf 78' lang='grc' dir='ltr'>τοῦ</span> <span class='ocrx_word' id='word_1_298' title='bbox 835 2378 948 2426; x_wconf 84' lang='grc' dir='ltr'>λόγου</span> <span class='ocrx_word' id='word_1_299' title='bbox 980 2379 1115 2429; x_wconf 80' lang='grc' dir='ltr'>μάρτυς</span> <span class='ocrx_word' id='word_1_300' title='bbox 1136 2377 1236 2428; x_wconf 71' lang='grc' dir='ltr'>,Ἕν</span> <span class='ocrx_word' id='word_1_301' title='bbox 1269 2382 1366 2434; x_wconf 76' lang='grc' dir='ltr'>ἀρχῇ</span> <span class='ocrx_word' id='word_1_302' title='bbox 1390 2382 1431 2434; x_wconf 72' lang='grc' dir='ltr'>ᾖν</span> <span class='ocrx_word' id='word_1_303' title='bbox 1464 2386 1482 2420; x_wconf 82' lang='grc' dir='ltr'><strong>ὁ</strong></span> <span class='ocrx_word' id='word_1_304' title='bbox 1515 2385 1646 2433; x_wconf 78' lang='grc' dir='ltr'>λόγος,</span> <span class='ocrx_word' id='word_1_305' title='bbox 1667 2386 1794 2434; x_wconf 73' lang='grc' dir='ltr'>λέγων,</span> 
     </span>
     <span class='ocr_line' id='line_1_32' title="bbox 375 2447 1790 2505; baseline 0.011 -23"><span class='ocrx_word' id='word_1_306' title='bbox 375 2450 462 2483; x_wconf 81' lang='grc' dir='ltr'>καὶ.</span> <span class='ocrx_word' id='word_1_307' title='bbox 483 2474 491 2482; x_wconf 95' lang='grc'><strong>.</strong></span> <span class='ocrx_word' id='word_1_308' title='bbox 512 2474 520 2482; x_wconf 91' lang='grc'><strong><em>.</em></strong></span> <span class='ocrx_word' id='word_1_309' title='bbox 540 2477 549 2484; x_wconf 91' lang='grc'><strong>.</strong></span> <span class='ocrx_word' id='word_1_310' title='bbox 585 2447 690 2484; x_wconf 70' lang='grc' dir='ltr'>οὐδὲν</span> <span class='ocrx_word' id='word_1_311' title='bbox 722 2455 917 2498; x_wconf 70' lang='grc' dir='ltr'>γεννὴσεως</span> <span class='ocrx_word' id='word_1_312' title='bbox 951 2450 1106 2488; x_wconf 77' lang='grc' dir='ltr'>ἐνταῦθα</span> <span class='ocrx_word' id='word_1_313' title='bbox 1137 2458 1361 2504; x_wconf 76' lang='grc' dir='ltr'>μνημονεύων</span> <span class='ocrx_word' id='word_1_314' title='bbox 1387 2461 1451 2493; x_wconf 81' lang='grc' dir='ltr'>τοῦ</span> <span class='ocrx_word' id='word_1_315' title='bbox 1479 2454 1603 2505; x_wconf 73' lang='grc' dir='ltr'>λόγου.</span> <span class='ocrx_word' id='word_1_316' title='bbox 1636 2455 1790 2497; x_wconf 77' lang='lat' dir='ltr'><strong>Euseb-</strong></span> 
     </span>
     <span class='ocr_line' id='line_1_33' title="bbox 372 2517 1790 2581; baseline 0.006 -23"><span class='ocrx_word' id='word_1_317' title='bbox 372 2528 419 2571; x_wconf 88' lang='lat' dir='ltr'>p.</span> <span class='ocrx_word' id='word_1_318' title='bbox 444 2518 517 2559; x_wconf 89' lang='grc'>37.</span> <span class='ocrx_word' id='word_1_319' title='bbox 549 2517 595 2559; x_wconf 91' lang='lat' dir='ltr'>b.</span> <span class='ocrx_word' id='word_1_320' title='bbox 629 2518 717 2561; x_wconf 87' lang='lat' dir='ltr'><strong>vid.</strong></span> <span class='ocrx_word' id='word_1_321' title='bbox 743 2520 869 2562; x_wconf 84' lang='lat' dir='ltr'><strong>etiam</strong></span> <span class='ocrx_word' id='word_1_322' title='bbox 891 2533 937 2575; x_wconf 90' lang='lat' dir='ltr'>p.</span> <span class='ocrx_word' id='word_1_323' title='bbox 963 2523 1016 2564; x_wconf 78' lang='lat'>27</span> <span class='ocrx_word' id='word_1_324' title='bbox 1037 2524 1119 2574; x_wconf 82' lang='lat' dir='ltr'>fin.</span> <span class='ocrx_word' id='word_1_325' title='bbox 1152 2523 1294 2578; x_wconf 86' lang='lat' dir='ltr'><strong>Atque</strong></span> <span class='ocrx_word' id='word_1_326' title='bbox 1313 2524 1485 2581; x_wconf 90' lang='lat' dir='ltr'><strong>iterum,</strong></span> <span class='ocrx_word' id='word_1_327' title='bbox 1510 2530 1573 2566; x_wconf 74' lang='grc' dir='ltr'>οὐκ</span> <span class='ocrx_word' id='word_1_328' title='bbox 1590 2531 1666 2566; x_wconf 74' lang='grc' dir='ltr'>υἱὸν</span> <span class='ocrx_word' id='word_1_329' title='bbox 1697 2536 1790 2566; x_wconf 70' lang='grc' dir='ltr'>Θεοῦ</span> 
     </span>
     <span class='ocr_line' id='line_1_34' title="bbox 373 2661 1794 2724; baseline 0.011 -28"><span class='ocrx_word' id='word_1_330' title='bbox 373 2666 454 2703; x_wconf 78' lang='grc' dir='ltr'>σίας</span> <span class='ocrx_word' id='word_1_331' title='bbox 488 2661 538 2702; x_wconf 82' lang='lat' dir='ltr'>R.</span> <span class='ocrx_word' id='word_1_332' title='bbox 574 2663 616 2704; x_wconf 83' lang='lat' dir='ltr'>S,</span> <span class='ocrx_word' id='word_1_333' title='bbox 651 2662 731 2720; x_wconf 83' lang='lat' dir='ltr'>C.]</span> <span class='ocrx_word' id='word_1_334' title='bbox 764 2668 857 2703; x_wconf 81' lang='grc' dir='ltr'>Οὲσει</span> <span class='ocrx_word' id='word_1_335' title='bbox 890 2672 953 2704; x_wconf 79' lang='grc' dir='ltr'>τὸν</span> <span class='ocrx_word' id='word_1_336' title='bbox 987 2670 1169 2721; x_wconf 81' lang='grc' dir='ltr'>ἄνθρωπον</span> <span class='ocrx_word' id='word_1_337' title='bbox 1191 2698 1203 2722; x_wconf 81' lang='lat'>,</span> <span class='ocrx_word' id='word_1_338' title='bbox 1253 2669 1318 2708; x_wconf 76' lang='grc' dir='ltr'>διὰ</span> <span class='ocrx_word' id='word_1_339' title='bbox 1351 2677 1412 2712; x_wconf 72' lang='grc' dir='ltr'>τὴν</span> <span class='ocrx_word' id='word_1_340' title='bbox 1444 2678 1528 2724; x_wconf 78' lang='grc' dir='ltr'>πρὸς</span> <span class='ocrx_word' id='word_1_341' title='bbox 1565 2676 1675 2711; x_wconf 80' lang='grc' dir='ltr'>αὐτὸν</span> <span class='ocrx_word' id='word_1_342' title='bbox 1715 2690 1794 2712; x_wconf 74' lang='grc' dir='ltr'>κοι-</span> 
     </span>
    </p>
   </div>
   <div class='ocr_carea' id='block_1_2' title="bbox 371 2738 1793 2803">
    <p class='ocr_par' dir='ltr' id='par_1_7' title="bbox 371 2738 1793 2803">
     <span class='ocr_line' id='line_1_35' title="bbox 371 2738 1793 2803; baseline 0.011 -34"><span class='ocrx_word' id='word_1_343' title='bbox 371 2738 499 2771; x_wconf 84' lang='grc' dir='ltr'>νωνίαν</span> <span class='ocrx_word' id='word_1_344' title='bbox 521 2764 534 2787; x_wconf 78' lang='grc'>,</span> <span class='ocrx_word' id='word_1_345' title='bbox 567 2738 641 2773; x_wconf 64' lang='grc' dir='ltr'>υἱὸν</span> <span class='ocrx_word' id='word_1_346' title='bbox 675 2745 767 2776; x_wconf 81' lang='grc' dir='ltr'>Θεοῦ</span> <span class='ocrx_word' id='word_1_347' title='bbox 801 2741 968 2790; x_wconf 72' lang='grc' dir='ltr'>γενέσθαι</span> <span class='ocrx_word' id='word_1_348' title='bbox 996 2745 1283 2795; x_wconf 74' lang='grc' dir='ltr'>παρασκευάσῃ,</span> <span class='ocrx_word' id='word_1_349' title='bbox 1313 2739 1372 2797; x_wconf 86' lang='lat' dir='ltr'>[i.</span> <span class='ocrx_word' id='word_1_350' title='bbox 1394 2754 1432 2784; x_wconf 80' lang='grc' dir='ltr'>θ.</span> <span class='ocrx_word' id='word_1_351' title='bbox 1458 2747 1564 2784; x_wconf 72' lang='grc' dir='ltr'>Θὲσιι</span> <span class='ocrx_word' id='word_1_352' title='bbox 1585 2749 1658 2784; x_wconf 80' lang='grc' dir='ltr'>υἱὸν</span> <span class='ocrx_word' id='word_1_353' title='bbox 1681 2745 1793 2803; x_wconf 77' lang='grc' dir='ltr'>θεοῦ]</span> 
     </span>
    </p>
   </div>
  </div>
 </body>
</html>
