1950 3340
770 166 1008 206 -51-..

177 254 243 298 vel
262 251 512 298 clarioribus
533 253 763 294 retractans
782 248 952 302 verbis;
990 266 1007 282 «
1031 246 1137 289 Cum
1156 245 1302 301 itaque
1325 249 1473 289 natum
1495 260 1603 290 sem·

176 340 254 383 per
283 338 396 379 esse,
437 324 541 368 nihil
579 321 693 365 aliud
722 321 778 363 sit
807 319 1099 363 confitendum
1133 331 1223 361 oese
1259 330 1390 373 quam
1420 323 1600 374 natum,

177 399 221 441 id
243 397 409 451 sensui,
431 400 656 451 antequam
678 393 866 435 nascitur
885 423 897 446 ‚
929 393 995 433 vel
1013 391 1142 443 fuisse
1164 393 1230 432 vel
1247 405 1325 432 non
1344 391 1487 444 fuisse,
1517 405 1605 435 non

177 469 385 524 subjacet.
410 487 426 503 υ
467 469 542 509 31.

265 542 309 583 9.
342 538 530 582 Prodeat
559 536 743 592 denique
772 534 949 577 Basilius
979 535 1023 576 in
1062 532 1335 576 dimicatione
1377 547 1453 576 sua
1493 547 1601 576 eon-

179 617 245 654 tra
275 611 559 662 Eunomium3
605 608 675 650 cui
715 610 1010 661 argumentato
1028 637 1040 658 ‚
1079 625 1093 639 ‹-
1115 606 1201 647 Aut
1243 605 1491 647 existentem
1527 618 1604 660 ge-

179 684 272 725 nuit
299 684 413 724 Deus
442 680 596 722 Filium
613 710 624 731 ‚
657 682 731 720 aut
760 689 847 719 non
868 677 1116 719 existentem
1134 708 1144 717 .
1172 708 1183 717 .
1213 708 1224 718 .
1248 676 1330 728 Qui
1361 681 1446 730 est,
1479 689 1605 731 gene-

177 755 339 796 ratione
369 765 457 794 non
494 750 658 804 indiget
680 780 691 802 ‚
730 768 745 785 »
794 747 1016 802 respondit
1065 747 1352 790 sanctissimus
1393 747 1569 790 Praesul
1590 776 1603 801 ,

184 846 200 862 α
231 825 512 876 Eunomium,
560 825 746 875 qumziam
784 819 981 862 animalia
1000 849 1012 870 ‚
1058 830 1156 860 cum
1197 819 1316 872 prius
1355 831 1445 860 non
1487 819 1598 871 sint,

180 895 332 939 deinde
360 899 637 949 generentur,
677 892 750 948 qui
772 896 913 934 autem
938 890 1065 933 hodie
1092 890 1260 944 genitus
1287 890 1370 943 sit,
1402 890 1495 932 heri
1519 903 1606 932 non

179 972 285 1009 esset
299 999 310 1020 ,
336 966 447 1007 hanc
470 965 690 1007 notionem
711 964 756 1005 in
780 963 990 1016 Unigeniti
1011 961 1328 1004 subsistentiam
1359 961 1574 1013 transferre
1586 977 1603 1014 ,-

180 1044 224 1080 ct
250 1040 436 1091 quoniam
477 1036 645 1090 genitus
688 1039 750 1077 est
767 1067 779 1088 ‚
813 1034 980 1085 dicere,
1022 1037 1120 1075 ante
1163 1033 1482 1087 generationem
1519 1045 1606 1074 non

181 1111 327 1152 fuisse.
355 1129 371 1145 »
407 1114 543 1149 contra
575 1110 685 1148 Eun.
718 1119 780 1159 11,
818 1106 884 1148 14.
925 1105 1150 1159 Sophisma
1189 1109 1331 1147 autem
1366 1104 1526 1157 solvit,
1559 1108 1608 1145 ut

182 1182 328 1223 Patres
358 1192 488 1235 supra
518 1179 664 1230 citati,
697 1177 907 1230 dicendo,
940 1177 1046 1219 Filio
1079 1189 1169 1218 esse
1200 1167 1412 1218 aeternam
1435 1188 1608 1229 genera-

181 1253 341 1294 tionem
359 1283 370 1304 ,
397 1255 446 1293 ut
473 1250 666 1304 loquitur
689 1249 956 1302 Evangelista
973 1279 985 1301 ‚
1019 1260 1116 1290 cum
1160 1267 1176 1283 «ι
1200 1247 1436 1289 aeternitati
1468 1247 1607 1289 Patris

181 1324 498 1378 generationem
534 1320 747 1374 Unigeniti
779 1319 1008 1361 connectit.
1035 1339 1050 1354 »
1070 1320 1170 1361 ibid.
1194 1321 1261 1360 15.

270 1465 376 1507 Satis
406 1476 617 1518 superque
648 1461 702 1505 de
733 1462 813 1504 hac
844 1474 890 1504 re
921 1474 1066 1504 sumus
1098 1461 1334 1516 disputati;
1377 1474 1457 1516 pro
1489 1466 1606 1504 certo

178 1535 267 1591 jam
292 1536 500 1578 habeatur
519 1563 543 1589 ,‚
564 1548 589 1576 a
620 1534 810 1576 Concilio
844 1533 1128 1576 Oecumenico
1147 1565 1158 1586 ‚
1197 1534 1374 1574 Nicaeae
1420 1544 1605 1586 congre-

183 1612 283 1661 gato
301 1638 313 1660 ‚
346 1607 515 1648 minime
544 1606 703 1648 sancita
734 1618 823 1647 esse
853 1605 930 1646 illa
960 1604 1089 1646 verba
1118 1616 1227 1658 quae
1246 1604 1370 1646 Bullo
1394 1604 1610 1647 Catholica

182 1678 396 1729 videntur,
426 1696 442 1713 α
459 1677 647 1720 Verbum
665 1677 746 1719 Dei
760 1677 888 1719 fuisse
905 1680 1131 1730 antequam
1142 1675 1422 1730 *gigneretun
1448 1695 1464 1711 »
1487 1676 1608 1730 quasi

184 1749 270 1790 ulla
287 1748 515 1790 traditione
532 1749 705 1790 Pati-um
722 1751 796 1789 aut
818 1748 1055 1789 Doctorum
1073 1747 1325 1789 auctoritate
1347 1747 1470 1789 nohis
1492 1760 1609 1790 com-

184 1819 452 1862 mendentur.
487 1819 603 1871 Quae
634 1831 730 1861 cum
750 1820 811 1860 ita
830 1819 937 1872 sint,
973 1819 1090 1872 operi
1111 1822 1260 1861 nostro
1283 1819 1356 1861 hic
1381 1818 1480 1861 finis
1502 1823 1611 1861 esset

184 1889 492 1944 imponendus,
534 1889 616 1931 nisi
650 1890 714 1931 vir
755 1889 1023 1931 doctissimus
1046 1919 1058 1942 ‚
1097 1889 1288 1932 Concilio
1326 1891 1609 1945 nequicquam

185 1960 399 2016 appellato
415 1991 426 2012 ‚
462 1959 516 2002 ad
539 1959 811 2002 Athanasium
833 1960 972 2014 ipsum
992 1959 1233 2014 confugerit
1252 1991 1264 2014 ‚
1296 1960 1475 2003 Concilii
1496 1961 1609 2003 illius

185 2043 383 2085 magnam
403 2034 568 2085 partem
583 2061 594 2083 ‚
621 2043 708 2085 quo
730 2043 900 2072 causam
923 2043 1043 2072 suam
1065 2030 1182 2086 apud
1212 2030 1402 2073 eruditos
1420 2031 1611 2074 feliciore

185 2115 259 2158 spe
286 2106 428 2158 posset
458 2115 596 2144 orare.
621 2102 874 2157 Opinionem
896 2102 1095 2144 nimirum
1118 2114 1236 2155 eam,
1259 2101 1312 2144 de
1334 2102 1606 2156 generatione

187 2173 370 2228 quadam
397 2173 527 2215 Verbi
562 2178 660 2215 ante
690 2173 899 2215 mundum
929 2172 1152 2216 conditum
1179 2173 1224 2215 in
1254 2176 1450 2227 tempore
1472 2172 1608 2227 facta,

187 2244 418 2287 Athanasio
452 2245 534 2299 ipsi
563 2245 788 2300 impactam
810 2245 971 2300 voluit,
1005 2257 1245 2301 provocans
1275 2243 1331 2287 ad
1361 2244 1610 2288 Orationem

186 2315 417 2358 secundam
447 2319 596 2358 contra
625 2317 806 2359 Arianos
835 2330 952 2370 capp.
977 2317 1134 2359 61-64.

274 2388 354 2430 Illa
382 2389 523 2444 operis
552 2390 616 2431 sui
643 2394 781 2444 parte,
806 2390 1096 2446 copiosissima
1119 2389 1406 2445 disputatione
1427 2389 1532 2432 inita
1555 2389 1610 2433 de

188 2457 328 2500 verbis
348 2459 590 2514 Prophetae
603 2490 615 2513 ,
649 2473 757 2515 quae
778 2462 923 2504 Ariani
945 2460 1204 2516 objiciebant
1222 2461 1430 2503 Ecclesiae
1443 2491 1455 2515 ‚
1484 2479 1500 2496 α
1519 2462 1610 2503 Do-

188 2529 328 2571 minus
359 2530 517 2573 creavit
546 2543 614 2572 me
644 2531 688 2572 in
717 2532 838 2574 initio
863 2533 1028 2575 viarum
1057 2546 1229 2575 suarum
1252 2533 1297 2575 in
1321 2545 1452 2588 opera
1469 2545 1571 2586 sua,
1590 2551 1606 2569 n

189 2600 297 2642 utin
315 2602 518 2644 versione
538 2614 626 2645 Lxx
652 2603 880 2659 Interpret.
905 2604 1132 2659 leguntur,
1164 2605 1419 2661 provehitur
1443 2608 1613 2647 sanctus

190 2671 354 2714 Doctor
368 2671 422 2715 ad
433 2672 563 2716 verba
581 2674 613 2716 Α
651 2675 797 2728 ostoli,
822 2694 837 2710 ‹-
858 2677 1172 2734 Primogenitus
1189 2678 1328 2720 omnis
1346 2680 1607 2730 creaturam-1»

191 2752 300 2798 quae
329 2742 510 2799 proinde
541 2744 600 2788 ita
629 2746 932 2803 interpretatur
968 2754 1017 2791 ut
1053 2749 1208 2793 doceat
1236 2749 1455 2803 Verbum,
1494 2747 1614 2806 quod
