1950 3340
495 552 1122 608 DISSERTATIO
1160 556 1250 610 ΙΙΙ.

195 721 251 751 m:
272 722 454 753 vocmus
471 717 553 766 πρὶν
575 717 782 764 γεννηθῆναι
804 716 867 752 οὐκ
897 710 936 757 ἦν
958 726 1331 758 ANATHEMATISMI
1353 726 1556 760 Mcanm.

645 853 1100 891 &m

174 1004 407 1100 Symbolo
430 1047 638 1090 Ecclesiae
656 1049 921 1104 Catholicae,
947 1049 1217 1093 celeberrima
1233 1050 1387 1093 vocula
1415 1052 1582 1093 hommi-

171 1119 256 1157 sion
285 1116 543 1172 locupletato
557 1150 569 1173 ‚
602 1119 910 1175 subjunxerunt
948 1124 1091 1165 Patres
1124 1123 1296 1165 Nicaeni
1334 1123 1584 1165 anathema-

171 1187 317 1229 tismos
353 1189 585 1244 quosdam,
627 1192 703 1246 qui
742 1193 917 1236 Arianae
953 1193 1156 1248 perfidiae
1191 1194 1416 1250 praecipua
1444 1195 1585 1250 capita

170 1257 358 1300 ferirent.
392 1261 451 1301 Ex
482 1261 636 1316 quibus
666 1262 735 1304 ille
757 1267 844 1317 est,
877 1263 930 1307 de
961 1277 1048 1319 quo
1079 1277 1216 1319 pauca
1252 1264 1460 1320 quaedam
1499 1265 1584 1308 hoc

170 1328 268 1371 loco
292 1329 470 1374 dicenda
489 1334 739 1375 censuimus.
766 1335 863 1377 Non
890 1334 1010 1389 quod
1028 1335 1210 1378 formula
1231 1336 1302 1378 illa
1325 1337 1583 1379 Arianorum

170 1405 338 1455 sumpta
366 1414 445 1456 per
470 1415 514 1445 se
551 1402 764 1446 difficilior
794 1406 848 1447 sit
883 1406 1102 1449 intellectu
1117 1437 1129 1461 ,
1174 1406 1248 1450 sed
1284 1408 1386 1462 quia
1423 1407 1588 1462 placuit

171 1469 414 1514 doctissimo
434 1472 600 1516 cuidam
619 1476 729 1528 viro,
753 1474 807 1518 de
828 1477 1014 1519 Nicaeno
1034 1482 1176 1520 autem
1194 1478 1397 1534 Symbolo
1423 1479 1585 1534 optime

169 1543 321 1584 merito
339 1574 350 1596 ‚
383 1544 526 1587 nativo
556 1545 786 1589 verborum
816 1549 955 1590 sensui
986 1548 1226 1592 subtiliores
1255 1551 1452 1593 notiones
1490 1562 1585 1592 suas

170 1612 350 1667 imponi.
386 1614 600 1667 Quaenam
620 1617 714 1659 illae
732 1618 842 1672 sint,
875 1631 1007 1674 quare
1027 1621 1245 1674 prolatae,
1277 1625 1319 1663 et
1349 1633 1434 1677 qua
1451 1622 1587 1664 ratio-

170 1695 272 1726 num
300 1686 343 1727 vi
378 1686 651 1730 confirmatae
666 1719 678 1742 ‚
709 1702 822 1731 nunc
852 1690 1148 1745 explicandum
1179 1696 1259 1734 est.

258 1756 518 1800 Docentibus
549 1759 768 1802 catholicis
791 1761 1003 1803 Christum
1025 1775 1114 1805 esse
1135 1764 1294 1818 Deum,
1319 1764 1462 1807 Ariani
1482 1777 1585 1820 pro-

171 1826 286 1868 tinus
315 1827 434 1870 illum
466 1841 555 1871 esse
585 1831 721 1872 Deum
752 1831 1064 1876 confitebantur
1092 1834 1194 1889 ipsi,
1237 1839 1281 1877 at
1309 1836 1445 1878 Deum
1474 1837 1585 1879 infe-

171 1897 327 1940 riorem
358 1899 588 1954 quendam,
621 1914 674 1943 ne
704 1902 864 1945 scilicet
893 1905 1006 1947 Deos
1043 1905 1152 1948 duos
1189 1906 1511 1950 introducerent
1539 1909 1585 1951 in

170 1969 413 2012 Ecclesiam.
447 1971 608 2023 Quibus
630 1984 879 2028 responsum
902 1980 966 2018 est
981 2007 992 2029 ,
1023 1976 1239 2020 Christum
1263 1983 1414 2022 contra
1437 1992 1585 2023 revera

171 2052 260 2081 esse
290 2053 498 2084 summum
528 2043 685 2097 Deum,
711 2057 848 2100 neque
875 2046 1037 2090 idcirco
1066 2047 1175 2090 duos
1205 2061 1294 2091 esse
1313 2051 1448 2105 Deos,
1483 2052 1584 2106 quia

171 2111 361 2154 Christus
374 2117 483 2155 esset
500 2114 629 2157 Filius
645 2116 745 2170 Dei3
767 2117 843 2171 qui
860 2122 1000 2160 autem
1018 2119 1097 2161 Dei
1111 2119 1241 2162 Filius
1256 2125 1364 2163 esset
1377 2152 1388 2174 ‚
1414 2126 1586 2177 oportet

169 2182 288 2224 illum
307 2188 350 2225 et
366 2197 514 2227 verum
534 2198 622 2228 esse
642 2187 801 2241 Deum,
822 2201 901 2231 nec
920 2193 1058 2232 tamen
1079 2191 1282 2245 alterum,
1310 2191 1385 2235 sed
1404 2192 1585 2235 eundem

171 2266 220 2296 ac
249 2255 417 2298 Patrem
457 2268 594 2299 suum.
635 2259 691 2300 At
728 2259 773 2300 in
801 2258 875 2302 illo
904 2261 999 2315 ipso
1028 2260 1240 2304 vocabulo
1271 2264 1420 2315 Filius,
1465 2263 1586 2318 quod

169 2324 366 2369 fidelibus
391 2326 487 2381 jure
516 2327 774 2372 documento
805 2335 896 2374 erat
925 2344 1047 2374 verae
1078 2332 1306 2376 divinitatis
1336 2333 1464 2376 Verbi
1487 2336 1582 2388 Dei,

169 2395 479 2441 haereticorum
515 2399 644 2442 factio
681 2401 907 2444 collocavit
946 2415 1114 2446 omnem
1149 2417 1265 2460 spem
1304 2418 1422 2448 suam
1458 2410 1586 2461 atque

170 2472 370 2511 conatum
398 2468 498 2512 fidei
537 2471 768 2515 catholicae
807 2474 1139 2529 convellendae3
1183 2477 1586 2530 argumentabantur

171 2538 301 2590 enim,
333 2552 430 2582 cum
461 2544 597 2585 omnis
626 2542 737 2586 filius
766 2545 877 2599 patri
902 2544 1048 2600 junior
1078 2551 1208 2600 esset,
1242 2547 1404 2591 idcirco
1432 2549 1586 2592 Filium

167 2608 247 2651 Dei
268 2621 356 2652 non
382 2624 470 2654 esse
499 2618 715 2657 aeternum
730 2646 742 2667 ‚
778 2627 917 2671 neque
938 2616 1096 2660 habere
1118 2622 1285 2661 caetera
1308 2619 1428 2674 signa
1454 2633 1582 2662 verae

171 2679 415 2724 divinitatis.
450 2683 587 2736 Quare
613 2697 777 2729 summa
803 2688 1059 2742 quaestionis
1088 2689 1132 2731 in
1155 2690 1464 2744 significatione
1489 2694 1590 2734 Filii

171 2750 336 2795 tandem
351 2755 489 2808 posita
506 2756 616 2813 fuit3
640 2761 783 2801 utrum
802 2757 962 2802 scilicet
983 2759 1114 2804 Filius
1134 2760 1237 2815 Dei,
1262 2764 1412 2817 utpote
1433 2762 1580 2814 Filius,
