1950 3340
982 215 1215 258 —34-

377 301 502 344 liton.
529 315 597 355 ap.
624 302 768 344 Routlt.
792 302 896 343 Bell.
928 304 964 342 t.
984 313 1016 342 1.
1042 313 1086 355 p.
1118 301 1214 342 115.
1241 313 1291 342 ex
1315 313 1366 343 eo
1387 301 1507 356 quod
1522 303 1636 346 Deus
1658 308 1738 358 est,
1761 310 1806 349 et

378 387 429 415 cx
459 374 534 416 illo
566 374 686 430 quod
716 374 848 416 homo
871 406 882 416 .
909 405 919 415 .
951 405 960 414 .
987 374 1221 428 permixtus
1251 377 1295 415 et
1317 374 1502 416 sociatus
1521 407 1532 417 .
1555 407 1566 417 .
1593 408 1603 418 .
1625 377 1806 420 alterum

378 446 553 502 vident,
587 446 768 489 alterum
797 457 886 487 non
916 445 1118 487 vident.»
1154 446 1308 487 Novat.
1354 446 1404 487 de
1441 448 1553 488 Trin.
1587 448 1659 490 25.
1702 449 1802 492 vid.

379 530 556 573 quoque
587 520 653 572 11,
683 521 751 571 14,
779 518 853 570 21,
878 517 951 558 24.
991 535 1006 551 «ι
1027 517 1146 558 Duos
1166 516 1356 558 Christos
1451 530 1584 560 unum
1602 551 1614 574 ‚
1635 519 1766 562 alium
1784 539 1800 557 »

378 590 589 646 Pamphil.
625 591 745 642 Apol.
780 602 848 642 ap.
883 590 1028 630 Routh.
1063 590 1168 630 Rell.
1203 593 1310 631 tom.
1345 590 1388 631 4.
1431 603 1478 645 p.
1512 591 1614 633 320.
1643 596 1661 630 ὸ
1693 596 1805 637 αὑτός

380 666 503 717 ἐστιν,
536 665 591 700 ἀεὶ
623 667 706 715 πρὸς
740 664 867 700 {zu-triv
899 666 1068 704 ὡσαύτως
1091 663 1204 711 ἔχων,
1229 661 1357 716 Greg,
1380 663 1505 718 Nyss.
1531 662 1615 704 t.2,
1639 666 1802 719 Ρ696,

378 739 438 774 ἕνα
469 742 531 774 καὶ
563 742 624 775 τὸν
657 738 781 774 αὐτόν.
822 733 951 787 Greg.
983 733 1084 774 Naz.
1120 734 1203 786 Ep.
1244 735 1342 775 101.
1377 746 1423 788 p.
1447 735 1520 776 85.
1549 736 1633 774 ἄλλο
1651 741 1712 789 μὲν
1745 744 1804 778 καὶ

379 813 464 848 ἄλλο
499 816 547 848 τὰ
580 810 615 854 ἐξ
646 809 691 845 ὧν
725 813 742 845 ὁ
776 814 903 860 Σωτήρ·
938 809 1000 844 οὐκ
1032 807 1138 848 ἀλλος
1171 807 1211 843 δὲ
1242 812 1300 844 καὶ
1335 809 1454 850 ἄλλος.
1486 820 1532 862 p.
1557 810 1625 851 86.

465 881 566 924 Vid.
601 892 777 936 quoque
805 879 959 921 Athan.
976 884 1102 920 contr.
1126 879 1304 931 Apollin.
1323 891 1357 932 1,
1379 881 1536 932 10.fin.
1556 883 1714 934 ll.fin.
1735 884 1802 938 13,

378 967 417 995 e.
447 955 511 1006 16,
540 953 585 995 b.
609 965 662 1006 11,
701 955 716 993 l
755 955 844 993 init.
887 953 928 1003 5,
961 963 999 992 e.
1035 951 1102 1003 12,
1125 963 1165 992 e.
1198 951 1264 992 18.
1292 955 1365 992 cir.
1386 953 1467 1003 fin.
1501 952 1697 1007 Theoph.
1731 967 1800 1007 ap.

381 1026 526 1066 Theod.
563 1027 693 1066 Eran.
718 1036 770 1065 ΙΙ.
806 1036 852 1078 p.
895 1024 992 1064 154.
1030 1023 1166 1064 Hilar.
1195 1024 1295 1064 ibid.
1332 1036 1377 1077 p.
1411 1024 1509 1065 162.
1535 1025 1666 1066 Attio.
1699 1027 1802 1069 ibid.

376 1109 422 1151 p.
455 1097 551 1138 167.
579 1095 758 1137 Hieron.
791 1099 834 1136 in
851 1099 971 1137 Jocm.
995 1097 1152 1134 Hieros.
1180 1095 1252 1135 35.

465 1166 591 1209 Haud
612 1167 824 1209 absimiles
852 1166 1058 1221 loquendi
1087 1165 1223 1218 modi,
1247 1167 1405 1208 omisso
1437 1167 1560 1221 plane
1589 1169 1802 1212 vocabulo

378 1241 596 1294 πρόσωπον,
628 1239 900 1294 reperiuntur
931 1239 976 1281 in
1006 1238 1196 1294 Epistola
1226 1238 1298 1280 illa
1327 1240 1805 1283 PatrumAntiocheno-

377 1325 499 1362 rum,
534 1312 589 1354 ad
620 1325 750 1368 quam
775 1310 866 1366 jam
895 1323 1025 1365 supra
1053 1315 1338 1366 provocatum
1369 1315 1461 1352 est:
1496 1318 1536 1351 τὰ
1571 1314 1607 1350 ἐκ
1632 1324 1693 1356 της
1711 1331 1802 1368 παρ-

379 1391 481 1425 θὲνου
515 1397 616 1439 σῶμα.
646 1396 814 1440 χωρῆσαν
848 1393 917 1423 πᾶν
949 1391 990 1423 τὸ
1021 1388 1187 1436 πλήρωμα
1217 1393 1277 1427 τὴς
1310 1387 1474 1428 θεότητος
1499 1395 1727 1438 σωματικῶς,
1762 1397 1803 1440 τῇ

379 1459 522 1502 Θεότητι
556 1454 737 1513 ἀτρὲἆὲτω“ς
770 1465 903 1502 ἥνωται
935 1464 993 1495 καὶ
1026 1461 1294 1498 τεΟεοποέηται·
1330 1454 1373 1494 οὗ
1402 1463 1511 1510 χάριν
1545 1462 1562 1495 ὁ
1588 1463 1697 1503 αὐτὸς
1719 1466 1803 1504 Θεὸς

377 1540 436 1572 καὶ
468 1538 666 1586 ἄνθρωπος.
699 1527 861 1575 Routh.
888 1532 1035 1583 Rellzssq.
1059 1533 1092 1571 t.
1121 1531 1163 1570 2.
1183 1541 1229 1584 p.
1250 1530 1353 1571 473.
1381 1532 1474 1569 οὕτω
1505 1537 1563 1569 καὶ
1597 1536 1614 1569 ὁ
1637 1538 1801 1583 Χριστὸς

376 1613 444 1660 πρὸ
479 1615 540 1650 τῆς
574 1612 787 1660 σαρκώσεως
827 1610 874 1648 ὡς
916 1600 968 1645 εἷς
1005 1602 1228 1654 ὠνόμασται.
1262 1606 1348 1639 καθὸ
1391 1610 1554 1654 Χριστὸς
1591 1599 1629 1641 ἒν
1668 1611 1727 1642 καὶ
1758 1610 1800 1643 τὸ

377 1683 464 1719 αὐτὸ
483 1676 528 1717 ὧν
551 1689 593 1733 τῇ
616 1682 736 1730 οὐσίᾳ.
757 1678 866 1720 ibid,
891 1690 936 1732 p,
962 1675 1065 1718 474.
1102 1679 1131 1714 εἰ
1165 1678 1250 1713 ἄλλο
1283 1679 1344 1727 μὲν
1367 1705 1375 1713 .
1397 1704 1405 1712 .
1427 1705 1435 1713 .
1461 1678 1546 1714 ἄλλο
1571 1677 1611 1714 δὲ
1635 1707 1643 1714 .
1668 1706 1675 1714 .
1695 1706 1703 1715 .
1729 1678 1799 1716 δύο

377 1752 489 1796 υἱούς.
510 1752 610 1793 ibid.
635 1764 681 1806 p.
703 1751 805 1792 485.
831 1748 1046 1791 Malchion
1065 1759 1262 1803 quoque,
1302 1766 1317 1782 τι
1340 1748 1458 1790 Unus
1476 1747 1613 1791 factus
1631 1753 1696 1791 est
1719 1780 1729 1790 .
1752 1781 1762 1791 .
1785 1779 1798 1791 .

376 1826 539 1869 unitate
568 1823 800 1865 subsistens
821 1826 903 1863 etc.
932 1840 948 1856 »
974 1821 1075 1861 ibid.
1096 1831 1141 1874 p.
1162 1821 1265 1861 476.

467 1899 519 1951 (3)
553 1895 727 1938 Constat
755 1897 999 1949 praeterea,
1033 1891 1293 1934 vocabulum
1321 1897 1513 1945 πρόσωπον
1544 1904 1569 1933 a
1606 1890 1803 1934 Patribus

377 1970 564 2026 antiquis
596 1968 648 2010 de
679 1967 847 2009 Christo
879 1964 1115 2020 praedicari
1144 1965 1308 2006 incerto
1338 1964 1412 2006 illo
1445 1963 1681 2019 quotidiani
1710 1975 1801 2005 ser-

377 2042 515 2083 monis
544 2052 694 2092 sensu3
735 2037 783 2080 id
813 2036 933 2092 quod
963 2036 1130 2091 saepius
1158 2035 1230 2076 vix
1259 2035 1410 2089 fieret,
1444 2036 1479 2076 si
1505 2034 1593 2090 jam
1627 2038 1800 2089 recepta

376 2117 485 2156 esset
515 2125 566 2155 ea
593 2123 679 2153 vox
707 2110 753 2152 in
782 2107 977 2164 symbola
1006 2112 1048 2150 et
1077 2107 1364 2150 confessiones
1382 2107 1604 2149 Ecclesiae.

464 2185 514 2226 E.
548 2195 589 2226 c.
623 2195 648 2224 a
678 2181 893 2223 Clemente
924 2178 1211 2222 Alexandrino
1230 2178 1362 2220 Filius
1379 2182 1559 2220 vocatur
1579 2185 1796 2232 πρόσωπον,

374 2254 422 2298 id
452 2258 542 2308 est,
573 2253 717 2295 vultus
747 2253 897 2294 Patris.
922 2253 1067 2292 Strom.
1087 2263 1132 2304 v,
1157 2251 1199 2292 6.
1226 2263 1272 2305 p.
1299 2251 1402 2292 665.
1434 2254 1477 2292 et
1494 2251 1674 2303 Paedaq.
1699 2263 1732 2303 1,
1753 2251 1795 2292 7.

373 2339 420 2382 p.
453 2327 552 2368 132.
584 2324 685 2368 Vid.
718 2335 892 2380 quoque
920 2325 1064 2364 Strom.
1090 2335 1173 2376 vn,
1202 2324 1269 2364 10.
1303 2335 1353 2377 p.
1377 2323 1481 2364 886.
1525 2321 1652 2364 Haud
1679 2322 1800 2364 aliter

374 2401 412 2438 ἐν
441 2404 620 2452 προσώπῳ
651 2403 812 2450 πατρὸς,
843 2395 1039 2450 Theoph.
1063 2395 1119 2435 acl
1146 2396 1284 2436 Autol.
1309 2406 1361 2448 11,
1386 2395 1459 2435 22.
1486 2393 1580 2436 Vid.
1609 2399 1800 2446 ὁμοιοπρο-

376 2477 520 2521 σὼπον,
552 2469 701 2526 cyrill.
734 2469 851 2511 Hier.
888 2467 1046 2508 Catecla.
1078 2478 1162 2517 xn,
1195 2467 1244 2507 14
1266 2465 1341 2508 fin.
1381 2465 1510 2520 Apud
1540 2465 1800 2520 Chrysosto-

373 2562 492 2592 mum
519 2549 720 2604 legimus,
755 2548 822 2585 δύο
854 2545 1047 2599 πρόσωπα,
1080 2545 1312 2587 humanum
1333 2542 1494 2585 scilicet
1524 2546 1567 2583 et
1589 2542 1796 2596 divinum,

375 2622 469 2674 (nisi
485 2620 696 2677 placuerit
715 2631 811 2662 cum
831 2617 1091 2661 Tentschero
1111 2615 1163 2658 de
1181 2617 1306 2657 Patre
1324 2618 1366 2656 et
1383 2612 1491 2656 Filio
1509 2612 1615 2655 illud
1633 2613 1799 2668 accipi,)

375 2694 569 2748 διῃρημένα
600 2697 696 2731 κατὰ
740 2699 804 2733 τὴν
844 2695 1079 2738 ὑπόστασιν,
1119 2690 1162 2728 in
1195 2687 1321 2727 Hebr.
1356 2686 1475 2725 Hom.
1499 2695 1571 2735 111,
1603 2685 1616 2724 1
1646 2681 1722 2725 fin.
1754 2681 1800 2724 id

372 2777 507 2821 porro
527 2797 540 2819 ,
580 2777 679 2807 cum
710 2763 839 2820 paulo
871 2767 969 2805 ante
999 2761 1171 2803 locutus
1201 2760 1309 2800 esset
1338 2759 1487 2798 contra
1516 2753 1696 2796 Paulum
1726 2753 1799 2795 Sa-

374 2840 666 2891 mosatenum,
698 2836 743 2877 in
763 2847 891 2890 quem
912 2832 1110 2876 Ecthesin
1131 2828 1382 2886 Ephesinam
1411 2825 1692 2880 conscriptam
1711 2834 1799 2866 esse
