1950 3340
737 211 795 219 -
825 187 880 230 25
911 211 971 221 .-

242 270 464 316 Caeterum
498 270 682 314 occurrit
701 270 788 313 hoc
810 269 1059 326 Symbolum
1082 280 1152 324 ap.
1179 267 1385 311 Harduin.
1411 269 1562 310 Παπαῖ.

153 348 186 385 t.
219 348 255 386 1.
279 357 325 399 p.
358 344 483 386 1640.
513 343 675 386 Routh.
707 344 879 395 Relliqu.
911 343 1020 383 Sacr.
1045 345 1080 383 t.
1105 341 1147 381 2.
1173 352 1220 394 p.
1245 340 1348 381 524.
1379 339 1564 395 Dionys.

154 415 272 457 Alex.
309 417 413 467 Opp.
449 415 573 456 Rom.
614 414 742 456 1696.
781 413 921 465 (1796)
952 425 999 467 p.
1023 413 1126 453 289.
1159 410 1285 453 Card.
1320 411 1416 452 Mai.
1451 412 1565 452 Nov.

156 485 266 527 Coll.
299 489 335 527 t.
363 486 406 527 7.
438 497 484 539 p.
518 485 616 526 162.
648 485 828 526 Burton.
868 502 884 518 α
915 484 1186 535 Testimonies,
1215 501 1231 518 ι»
1271 493 1317 536 p.
1346 482 1564 524 397-399.

153 555 301 598 Faber.
335 569 401 608 op.
434 559 502 598 eit.
534 560 568 598 t.
597 556 638 596 2.
671 567 718 610 p.
746 555 847 597 287.
881 553 949 596 Ad
978 566 1067 596 rem
1098 552 1406 608 aggrediamur.

247 700 284 738 1.
318 697 506 740 EctheSlS
525 697 626 740 haec
643 696 786 740 habet:
812 700 895 734 ὅλον
919 700 1111 748 opinonem-2
1135 704 1184 747 τῷ
1206 703 1281 747 Θεῷ
1305 701 1362 733 καὶ
1389 699 1479 747 μετὰ
1499 701 1565 732 τοῦ

156 775 347 821 σώματος,
379 771 454 807 ἀλλ’
478 772 564 820 οὐχὶ
594 774 687 808 κατὰ
719 774 759 808 τὸ
793 778 892 820 σῶμα
926 773 1118 820 ὁμοούσιον
1148 777 1198 819 τῷ
1230 776 1325 819 Θεῷ.
1360 770 1414 808 At
1436 766 1570 808 multa

154 840 333 882 suadent
367 840 621 882 vocabulum
650 841 875 881 homousion
904 852 992 882 non
1021 839 1178 882 habere
1207 840 1351 881 locum
1380 840 1425 880 in
1453 850 1570 891 sym-

155 910 271 952 bolis
296 911 451 952 saeculi
482 911 609 952 tertii.

244 983 295 1034 (l)
328 982 513 1023 Primum
528 1012 539 1034 ,
573 981 792 1023 decantata
820 985 918 1022 sunt
948 982 1021 1023 illa
1055 981 1280 1034 Augustini
1316 985 1358 1022 et
1389 979 1535 1034 Vigilii
1557 1012 1569 1032 ,

154 1065 203 1094 ex
225 1051 379 1106 quibus
403 1056 568 1095 constat
590 1057 782 1106 tempore
805 1053 986 1094 Concilii
1003 1052 1171 1094 Nicaeni
1191 1053 1415 1093 homousion
1438 1051 1566 1092 fuisse

155 1124 478 1165 instrumentum
506 1135 689 1176 novum,
713 1136 800 1178 quo
831 1124 996 1165 munita
1025 1129 1086 1165 est
1112 1123 1219 1165 fides
1239 1123 1443 1165 Ecclesiae
1466 1134 1572 1164 con-

156 1198 222 1236 tra
240 1195 440 1236 Arianos:
483 1213 498 1229 «
519 1194 727 1236 Adversus
758 1195 1015 1248 impietatem
1047 1195 1304 1236 Arianorum
1338 1194 1571 1236 haeretico-

160 1278 276 1318 rum,
300 1285 315 1300 »
350 1266 489 1320 inquit
516 1267 796 1319 Augustinus,
835 1278 1030 1307 «novum
1050 1277 1206 1306 nomen
1227 1266 1373 1306 Patres
1404 1265 1570 1305 homou-

155 1339 240 1377 sion
263 1335 544 1378 condiderunt
561 1367 572 1388 ,
605 1336 680 1378 sed
710 1349 797 1378 non
827 1349 917 1378 rem
951 1348 1106 1378 novam
1137 1336 1211 1378 tali
1235 1337 1406 1378 nomine
1435 1335 1572 1390 signa-

157 1411 280 1459 runt,
305 1427 320 1442 »
355 1412 397 1448 in
415 1410 533 1448 Joan.
559 1408 632 1449 97.
659 1420 703 1448 n.
723 1408 765 1448 4.
789 1407 885 1449 Alio
906 1407 1003 1448 loco
1034 1411 1194 1449 monet:
1238 1426 1254 1442 «
1274 1409 1413 1448 minus
1445 1418 1571 1460 quam

159 1479 350 1533 oportuit
379 1478 671 1520 intellectum»
707 1491 796 1520 esse
825 1477 932 1520 illud
949 1491 1105 1520 nomen
1128 1478 1328 1530 Arimini,
1359 1497 1375 1513 «
1395 1482 1574 1532 propter

157 1550 385 1590 novitatem
412 1548 549 1591 verbi.
577 1568 592 1584 υ
631 1551 766 1590 Contr.
799 1552 972 1590 Maxim.
996 1562 1049 1602 11,
1081 1550 1147 1590 14.
1187 1568 1203 1583 «ι
1224 1548 1342 1602 quod
1361 1553 1528 1601 tamen,
1548 1567 1565 1583 »

159 1618 406 1674 subjungit,
454 1638 470 1655 «ι
500 1619 605 1662 fides
639 1621 812 1674 antiqua
852 1624 1087 1674 pepererat.
1116 1639 1133 1655 υ
1175 1619 1353 1673 Vigilius
1393 1623 1534 1661 autem
1559 1652 1572 1673 ,

164 1710 178 1724 «
205 1703 272 1731 res
309 1691 482 1744 antiqua
512 1703 672 1732 novum
702 1703 858 1732 nomen
896 1691 1058 1744 accepit
1087 1692 1326 1732 homousion.
1355 1709 1372 1725 n
1407 1692 1571 1743 Dis-put.

159 1762 303 1802 Autan.
330 1767 370 1802 et
388 1763 459 1802 Ar.
486 1765 519 1802 t.
539 1774 591 1814 v,
616 1774 662 1816 p.
690 1762 791 1803 695.
827 1762 937 1802 Bibl.
962 1764 1078 1802 Patr.
1107 1763 1193 1803 Col.
1225 1762 1349 1804 1618.
1375 1761 1473 1804 Vid.
1497 1763 1575 1804 Le-

159 1845 308 1887 moyn.
337 1835 430 1873 Var.
454 1834 565 1874 Sacr.
587 1835 616 1874 l.
643 1846 679 1874 c.

249 1904 300 1955 (2)
332 1903 519 1955 Deinde,
557 1908 706 1945 auctor
737 1908 799 1946 est
829 1905 1111 1958 Sozomenus,
1135 1907 1244 1948 Hist.
1268 1918 1332 1959 ιν,
1366 1908 1430 1947 15.
1456 1918 1481 1947 a
1502 1907 1573 1947 Se-

159 1975 394 2016 mi-arianis
423 1975 559 2016 Sirmii
598 1987 666 2016 an.
704 1976 804 2017 358.
839 1975 1078 2018 adhibitum
1109 1989 1197 2018 esse
1232 1977 1278 2018 in
1308 1976 1571 2018 confessione

159 2057 235 2087 sua
254 2045 556 2087 conscribenda
580 2044 685 2087 illud
714 2046 852 2099 ipsum
876 2046 1148 2100 symbolum,
1181 2047 1299 2101 quod
1318 2048 1571 2089 Antiocheni

160 2117 306 2157 Patres
337 2121 485 2158 contra
515 2116 692 2158 Paulum
720 2116 969 2170 edidissent;
1003 2117 1122 2172 quod
1153 2117 1326 2172 quidem
1354 2121 1467 2160 certe
1487 2130 1574 2160 non

162 2185 450 2229 adhibuissent
497 2187 767 2229 amentissimi
812 2189 1002 2228 homousii
1044 2188 1316 2230 insectatores
1330 2219 1341 2238 ‚
1385 2188 1422 2229 si
1461 2188 1577 2231 illam

161 2269 310 2299 vocem
343 2258 632 2300 continuisset.

249 2329 301 2380 (3)
333 2329 436 2370 Tum
470 2341 519 2370 ex
548 2330 739 2383 ipsorum
769 2331 1149 2372 Semi-arianorum
1180 2331 1426 2374 testimonio
1462 2330 1576 2374 idem

161 2397 410 2451 conficitur,
443 2399 487 2441 in
518 2400 571 2442 iis
604 2400 763 2443 scilicet
795 2413 904 2456 quae
935 2401 988 2444 ab
1020 2402 1102 2444 illis
1135 2403 1291 2457 scripta
1321 2402 1438 2457 apud
1470 2403 1574 2457 Epi-

159 2469 364 2523 phaniam
392 2471 674 2524 reperiuntur.
710 2474 875 2513 Haeres.
911 2474 981 2515 73.
1008 2472 1208 2515 Profecto
1241 2473 1303 2515 ibi
1334 2478 1572 2528 provocant

162 2538 217 2581 ad
244 2540 476 2582 Concilium
500 2543 811 2585 Antiochenam
840 2548 988 2586 contra
1006 2544 1186 2586 Paulum
1210 2544 1401 2586 habitum
1417 2577 1429 2598 ‚
1463 2556 1574 2598 quo,

160 2613 287 2651 usiam
319 2611 676 2665 praeseferentes,
711 2614 925 2656 insinuent
966 2627 1091 2656 suum
1118 2616 1394 2666 laomoezisiom
1427 2615 1545 2670 quod
1563 2647 1574 2667 ,

162 2678 335 2733 inquam
355 2713 367 2734 ,
401 2686 550 2726 contra
580 2688 690 2726 esset
717 2684 771 2726 ab
802 2685 884 2727 illis
908 2685 1068 2728 factum
1090 2717 1102 2738 ‚
1135 2687 1171 2727 si
1202 2687 1438 2729 Concilium
1469 2687 1576 2729 illud

161 2749 206 2792 in
225 2751 421 2805 symbolo
444 2766 522 2796 suo
539 2787 551 2809 ,
575 2759 623 2798 ut
643 2760 795 2809 usiam,
824 2757 885 2799 sic
907 2758 1135 2801 homousion
1151 2770 1326 2813 quoque
1347 2759 1573 2801 ascivisset.
