1950 3340
932 175 1172 215 --:‘›6—

329 265 537 312 sumeret,
574 259 800 315 imaginem
836 257 901 299 sui
937 257 1100 300 mundo
1132 256 1325 299 exhibuit
1355 256 1600 300 solidiorem
1623 258 1761 301 multo

329 337 371 374 et
407 332 657 383 clariorem,
695 334 739 372 et
777 331 920 372 verius
951 343 994 372 se
1016 331 1156 385 ipsum
1175 329 1277 371 feeit
1296 330 1630 384 primogenitum
1648 331 1761 373 inter

327 408 571 457 creaturas,
606 415 734 458 quam
755 414 877 455 cum,
900 403 1098 444 universa
1119 400 1369 443 conditurus
1382 433 1395 455 ,
1417 401 1556 444 ideam
1578 414 1622 444 se
1645 401 1759 444 faee-

328 479 396 517 ret
424 479 467 517 et
496 474 687 529 regulam
716 485 860 515 rerum
891 471 1230 515 condendarum.
1265 462 1421 514 Fateor
1439 472 1664 527 equidem;
1686 471 1761 515 sed

327 547 484 602 prioris
514 546 658 601 operis
689 544 993 600 praestantiam
1028 555 1117 585 non
1158 543 1416 586 imminuunt
1457 545 1762 599 praestantiora

326 619 398 661 illa
432 631 541 674 quae
573 617 800 659 subsecuta
835 619 963 669 sunt3
995 614 1041 657 id
1068 615 1189 670 quod
1214 614 1440 657 Athanasio
1463 615 1569 658 adeo
1592 628 1761 670 persua-

326 703 422 733 sum
451 694 543 742 est,
576 692 626 730 ut
650 687 818 742 saepius
848 686 936 729 duo
966 687 1038 728 illa
1066 699 1153 728 una
1187 687 1405 729 consociet
1435 691 1480 728 et
1509 691 1756 742 comparet,

325 760 534 804 extollens
565 758 742 814 quidem
770 758 978 812 meliora,
1017 770 1106 800 non
1145 759 1313 801 elevans
1353 758 1474 814 quod
1511 759 1556 801 in
1596 772 1640 801 se
1676 758 1761 801 bo-

327 845 432 875 num
458 835 536 873 est.

414 902 588 945 Infinita
619 914 758 957 prope
780 901 979 944 locorum
996 900 1117 956 sylva
1138 906 1201 944 est
1220 902 1266 943 in
1287 902 1443 945 sanetis
1465 902 1663 945 Patribus
1676 933 1688 956 ,
1711 915 1761 944 ex

324 975 482 1031 quibus
512 974 858 1029 augustissimum
888 973 973 1015 hoe
1003 986 1158 1015 munus
1186 974 1401 1028 Unigeniti
1425 1005 1436 1027 ,
1470 978 1513 1016 et
1543 975 1587 1016 in
1617 987 1761 1016 rerum

323 1052 474 1089 natura
502 1050 544 1087 et
567 1045 612 1086 in
637 1045 888 1087 oeconomia
917 1045 1178 1098 evangeliea,
1203 1045 1340 1100 possit
1361 1045 1580 1088 illustrari.
1609 1065 1625 1081 «
1650 1047 1758 1088 Cum

320 1118 488 1175 justitia
519 1118 635 1159 nulla
669 1121 779 1159 esset
800 1119 845 1158 in
875 1121 1011 1169 terra,
1045 1115 1268 1158 doctorem
1298 1117 1438 1171 misit,
1466 1118 1585 1172 quasi
1621 1118 1759 1160 vivam

320 1191 461 1244 legem
480 1209 495 1225 »
531 1189 635 1231 dicit
656 1188 922 1242 Lactantius,
946 1190 1078 1229 Imm.
1102 1201 1166 1242 lv,
1189 1188 1267 1230 25.
1295 1207 1311 1224 «
1332 1188 1551 1244 Quidquid
1567 1189 1760 1232 facturus

322 1267 411 1305 erat
436 1263 549 1304 Deus
574 1262 620 1303 in
641 1265 836 1303 ereatura
863 1279 879 1295 »
913 1259 1041 1302 docet
1059 1261 1320 1314 Augustinus
1335 1293 1346 1314 ,
1381 1280 1397 1295 «
1413 1259 1503 1316 jam
1526 1261 1670 1304 Verbo
1691 1262 1760 1303 in-

324 1339 435 1387 erat,
456 1347 535 1375 nee
553 1337 659 1375 esset
679 1332 902 1387 operihuS,
922 1331 1002 1373 nisi
1021 1335 1130 1372 esset
1147 1332 1194 1373 in
1212 1331 1375 1374 Verbo.
1398 1351 1414 1368 »
1449 1334 1501 1374 In
1521 1335 1593 1375 Ps.
1617 1333 1692 1386 44,
1713 1334 1756 1374 5.

320 1406 420 1448 Alio
435 1406 535 1448 loeo
554 1405 685 1447 Filius
708 1404 762 1446 ab
786 1403 938 1446 eodem
957 1403 1199 1458 appellatur
1212 1436 1224 1458 ,
1258 1423 1274 1438 «
1299 1417 1367 1446 ars
1387 1404 1594 1459 quaedam
1615 1405 1761 1448 Omni-

322 1477 511 1533 potentis
545 1481 672 1531 atque
700 1475 902 1530 sapientis
931 1475 1034 1529 Dei,
1066 1475 1194 1530 plena
1222 1477 1414 1518 omnium
1443 1478 1659 1519 rationum
1689 1477 1758 1518 vi-

323 1549 516 1591 ventium
533 1547 962 1590 incommutabilium.
986 1566 1001 1582 »
1027 1548 1076 1588 de
1096 1550 1212 1590 Trin.
1229 1561 1294 1602 v1,
1316 1550 1384 1589 ll.
1412 1548 1596 1604 Cyrillus
1617 1553 1761 1591 autem

321 1621 660 1663 Alexandrinus:
690 1638 706 1655 «
731 1619 982 1673 Unigenitus
1006 1638 1021 1654 »
1058 1619 1207 1661 scribit
1243 1619 1506 1662 «seeundum
1524 1624 1756 1674 naturam;

322 1694 634 1749 primogenitus
662 1695 840 1748 propter
867 1703 947 1732 nos
966 1721 978 1743 ,
1011 1694 1060 1732 ut
1090 1695 1296 1746 tanquam
1326 1691 1556 1740 immortali
1587 1690 1759 1733 cuidam

320 1765 455 1807 radici
487 1765 623 1806 omnis
655 1768 848 1805 ereatura
867 1762 995 1804 insita
1029 1762 1107 1815 sit,
1141 1767 1184 1804 et
1215 1776 1266 1804 ex
1297 1775 1348 1805 eo
1373 1763 1451 1818 qui
1481 1775 1650 1818 semper
1672 1767 1753 1817 est,

325 1836 552 1891 germinet.
577 1855 594 1871 »
626 1837 817 1876 Thesaur.
845 1835 918 1875 25.
950 1846 997 1889 p.
1027 1835 1129 1876 238.
1165 1834 1361 1877 Similiter
1398 1834 1452 1875 ab
1484 1834 1759 1888 Athenagora

322 1907 452 1950 Filius
471 1911 649 1949 vocatur
680 1907 762 1944 ῑὸἑα
795 1912 855 1944 καὶ
889 1906 1048 1958 ἐνέργεια
1081 1906 1274 1947 omnium
1295 1917 1438 1947 rerum
1461 1905 1756 1959 materialium3

323 1985 343 2022 ἡ
367 1980 468 2028 ῑὸἑα,
503 1983 587 2033 ὅπερ
618 1979 728 2031 λόγον
762 1983 947 2032 εἰρήκασι,
979 1990 1004 2020 a
1041 1978 1255 2020 Clemente
1285 1977 1406 2019 Alex.
1450 1978 1596 2018 Strom.
1633 1990 1679 2031 v,
1710 1978 1753 2019 3.

322 2053 425 2092 ἰδέαν
459 2053 567 2091 ἰδεῶν
599 2058 658 2091 καὶ
690 2054 806 2106 ἀρχὴν
838 2053 983 2091 λεκτέον
1024 2056 1085 2090 τὸν
1117 2050 1350 2103 πρωτότοκον
1389 2051 1531 2092 πάσεως
1573 2054 1755 2099 κτίσεως,

318 2129 501 2168 testatur
533 2125 763 2179 Origenes,
799 2125 938 2165 Contr.
967 2124 1069 2165 Cels.
1093 2135 1158 2177 VI,
1182 2122 1236 2163 64
1262 2121 1340 2164 fin.
1366 2125 1754 2176 κατεσφραγὶσθημευ,

319 2196 449 2239 docet
480 2196 667 2252 Cyl-illus
697 2195 817 2237 Alex.
855 2198 906 2239 εἰς
947 2201 988 2235 τὸ
1026 2197 1234 2248 ἀρχέτυπον
1274 2202 1334 2238 τῆς
1378 2195 1525 2238 εἰκόνος.
1559 2198 1603 2234 in
1630 2195 1751 2235 Joan.

318 2281 364 2322 p.
390 2270 464 2311 91.
498 2271 573 2306 οῑὸν
605 2268 676 2307 ἀπό
710 2284 809 2310 τινος
840 2269 976 2322 ἀρχῆς,
1009 2266 1200 2310 concinit
1238 2267 1471 2321 Gregorius
1500 2267 1715 2322 Nyssenus
1738 2295 1751 2319 ,

320 2342 481 2382 Cateclz.
508 2341 645 2396 p.504
670 2339 747 2382 fin.
773 2341 852 2394 Et,
878 2344 928 2382 ut
947 2339 1003 2382 ad
1024 2338 1303 2381 Athanasium
1319 2338 1567 2392 redeamus,
1591 2337 1752 2380 multus

321 2416 386 2454 est
417 2412 461 2454 in
495 2412 645 2455 eadem
679 2411 903 2465 doctrina,
934 2416 985 2454 ut
1013 2412 1058 2453 in
1090 2411 1197 2453 locis
1231 2409 1506 2466 hujusmodi:
1551 2414 1654 2448 εἴκων
1694 2416 1754 2449 καὶ

318 2489 431 2528 τύπος
453 2491 538 2539 πρὸς
558 2489 706 2538 ἀρετὴν,
742 2487 857 2527 Orat.
879 2497 914 2538 1,
941 2485 1014 2525 21.
1043 2488 1158 2523 τύπον
1182 2488 1265 2523 τινὰ
1286 2483 1477 2536 λαβόντες,
1499 2486 1542 2525 et
1560 2486 1754 2536 ὑπογραμ-

317 2561 408 2610 μόν,
438 2570 512 2612 111,
550 2559 623 2600 20.
660 2560 695 2597 ἐν
729 2560 829 2608 αὐτῷ
862 2557 946 2610 ἦμεν
978 2559 1317 2610 προτετνπωμὲνοι,
1345 2567 1400 2610 11,
1430 2556 1486 2598 76
1515 2553 1611 2596 init.
1638 2559 1755 2594 τύπον

322 2629 459 2673 εἰκόνος
493 2633 670 2682 ἐνθεῖναι,
693 2632 768 2684 78,
792 2629 890 2672 init.
912 2631 1147 2683 πρωτότοκος
1180 2632 1229 2674 εἷς
1257 2629 1446 2675 ἀπόδειξιν
1475 2636 1538 2671 τῆς
1559 2636 1628 2667 τῶν
1656 2632 1754 2668 πάν-

321 2718 391 2741 των
424 2703 491 2740 διὰ
523 2711 590 2742 τοῦ
624 2706 706 2742 υἱοῦ
737 2703 976 2757 δημιουργίας
998 2708 1061 2742 καὶ
1083 2705 1340 2753 υἱοποιήσιως,
1363 2714 1432 2755 111,
1455 2702 1482 2744 9
1503 2699 1579 2744 fin.
1601 2707 1665 2744 τὴν
1688 2707 1754 2742 τοῦ

320 2776 529 2830 ἀρχετύπου
561 2778 696 2817 πλάσιν
729 2778 1001 2820 ἀναστήσασθοιι
1034 2779 1164 2830 ἑαυτῷ.
1190 2776 1326 2818 Contr.
1350 2775 1486 2829 Apoll.
1500 2774 1603 2830 11,5.
