1988 3366
997 271 1066 282 -..
1087 249 1112 291 4
1145 273 1204 280 ,-

385 326 638 381 proffietur,
680 340 885 384 praeceps
922 330 1161 386 ingreditur
1175 365 1188 386 ,
1236 334 1574 388 propositionem
1614 345 1718 389 prae
1760 346 1806 376 se

384 399 524 441 ferens
563 400 848 456 categoricam
883 402 1094 456 quandam
1124 416 1175 445 ex
1210 405 1478 459 Evangelista
1505 405 1771 460 desumptam
1789 436 1802 458 ,

390 490 406 506 «
431 472 492 512 Ex
509 472 600 513 Deo
614 473 727 513 Deus
747 477 810 514 est
825 473 1036 527 Verbum,
1054 487 1151 517 nam
1167 476 1282 518 Deus
1302 480 1393 518 erat
1409 476 1621 527 Verbum3
1641 495 1657 512 »
1679 475 1807 531 plane

386 543 543 584 omisso
559 543 790 585 verborum
807 544 883 586 illo
900 550 1107 600 apparatu
1125 550 1168 588 et
1188 546 1421 589 verecunda
1442 547 1612 589 1110011111
1629 559 1804 602 pompa,

385 627 472 669 qua
501 615 544 656 in
577 615 860 657 limatioribus
891 617 976 658 suis
999 617 1226 672 operibus,
1250 630 1316 660 res
1338 617 1503 660 divinas
1525 621 1804 670 tractaturus,

386 686 521 727 utitur
551 686 834 728 sanctissimus
858 688 1048 730 Praesul.

465 758 552 798 Nec
565 757 825 811 aequabilius
844 763 916 800 aut
931 759 1134 814 liquidius
1147 760 1241 803 fluit
1257 765 1404 817 postea
1422 761 1628 803 orationis
1643 771 1806 811 cursus,

385 828 460 870 sed
488 828 683 871 turbatus
703 841 894 884 semper,
916 831 1122 885 incertus,
1147 832 1382 875 mutabilis.
1405 834 1513 875 Nam
1535 831 1701 886 saepius
1721 842 1810 871 ma—

386 900 512 942 teries
540 900 683 942 subito
714 901 932 956 profertur
962 915 1099 958 nova,
1122 907 1172 946 ut
1190 904 1237 946 111
1256 904 1515 946 sectionibus
1539 905 1585 956 6,
1609 905 1659 955 9,
1683 906 1726 943 et
1754 902 1808 942 25

387 971 585 1014 editionis
607 973 843 1026 Maurinae3
877 973 924 1015 id
944 974 1064 1029 quod
1087 975 1410 1018 amanuensibus
1430 980 1520 1017 tam
1541 975 1669 1030 plane
1701 985 1808 1014 con-

388 1043 510 1096 stitit,
534 1046 583 1084 ut
595 1043 639 1084 111
650 1044 836 1098 quinque
850 1044 978 1087 codd.
994 1046 1297 1101 interpolatum
1308 1050 1515 1090 testentur
1529 1047 1640 1088 inter
1657 1044 1810 1086 sectio-

389 1127 463 1156 nes
486 1115 536 1155 12
557 1119 599 1156 et
617 1116 664 1156 13
682 1116 934 1170 opusculum
945 1118 994 1157 de
1005 1119 1186 1159 Sabbatis
1201 1124 1242 1159 et
1253 1121 1564 1169 circumcisione,
1583 1114 1811 1158 Athanasio

390 1185 522 1228 dubie
551 1198 575 1228 a
594 1186 795 1228 Maurinis
819 1189 874 1238 (t.
893 1200 944 1230 11.
969 1201 1015 1243 p.
1040 1190 1140 1242 54.)
1163 1191 1427 1245 inscriptum.
1450 1189 1578 1232 Plane
1601 1187 1813 1230 diversum

390 1261 453 1298 est
473 1256 524 1298 ab
547 1256 632 1299 hoc
655 1269 807 1311 genere
830 1257 1064 1301 disserendi
1086 1260 1303 1315 aequabile
1332 1260 1438 1304 illud
1463 1265 1504 1302 et
1535 1259 1644 1301 bene
1673 1256 1813 1299 conti-

390 1332 567 1371 nuatum
595 1330 728 1371 sancti
755 1331 938 1372 oratoris
965 1330 1184 1386 eloquium
1200 1365 1212 1386 ,
1246 1333 1321 1387 qui
1350 1337 1437 1374 tam
1469 1331 1604 1374 soleat
1625 1330 1814 1385 priorem

391 1402 606 1443 materiem
636 1413 754 1443 suam
783 1400 1019 1456 producere
1049 1405 1091 1444 et
1119 1406 1325 1458 tanquam
1355 1402 1511 1446 abdere
1539 1403 1583 1443 in
1622 1399 1814 1455 proxime

393 1478 665 1527 sequentem,
691 1477 734 1514 et
754 1485 843 1515 rem
874 1485 971 1516 011111
999 1486 1047 1515 10
1074 1478 1163 1516 tam
1186 1474 1342 1517 callida
1364 1473 1564 1529 junctura
1590 1471 1811 1524 colligare,

394 1549 443 1586 ut
474 1545 629 1587 editori
657 1544 950 1586 difficillimum
985 1546 1040 1587 sit
1076 1545 1373 1600 disputationis
1406 1557 1576 1587 cursum
1609 1542 1662 1584 ad
1701 1543 1816 1583 certa

396 1616 606 1672 quaedam
634 1617 774 1672 capita
802 1629 1019 1659 revocare.

484 1688 660 1731 Accedit
682 1688 802 1744 quod
821 1692 908 1730 tres
926 1688 1022 1731 illae
1046 1701 1154 1744 quae
1174 1689 1432 1744 praecedunt
1450 1688 1673 1732 Orationes
1693 1694 1813 1726 00111-

395 1766 602 1809 mercium
630 1764 739 1805 inter
769 1774 814 1803 se
843 1761 958 1803 ultro
990 1761 1186 1816 citroque
1215 1761 1395 1814 habent,
1427 1765 1471 1802 et
1501 1759 1554 1802 ad
1589 1771 1633 1800 se
1664 1761 1815 1799 mutuo

397 1837 631 1892 respiciunt
649 1866 661 1888 ‚
696 1838 739 1876 et
762 1833 978 1888 complent
999 1832 1171 1874 definita
1192 1832 1398 1888 quaedam
1422 1830 1603 1874 docendi
1625 1829 1814 1882 vestigia,

399 1922 509 1965 quae
545 1907 824 1950 terminantur
858 1917 998 1959 prope
1037 1908 1213 1946 exeunte
1245 1904 1383 1946 tertia.
1411 1904 1583 1957 Integra
1610 1900 1818 1956 quaedam

400 1981 632 2037 disputatio
649 2010 662 2033 ‚
689 1979 737 2020 111
763 1977 991 2032 scripturis
1019 1981 1170 2019 contra
1203 1977 1383 2019 Arianos
1412 1974 1668 2031 explicandis
1695 1977 1815 2026 tota,

401 2053 675 2097 continuatur
697 2063 722 2092 a
742 2052 779 2102 5.
808 2050 880 2091 37.
907 2050 1069 2104 primae
1091 2048 1146 2091 ad
1164 2051 1201 2100 S.
1227 2050 1299 2091 59.
1329 2048 1497 2101 tertiae3
1531 2052 1628 2090 ante
1646 2046 1816 2089 tertiam

399 2127 447 2168 in
470 2125 577 2167 locis
601 2121 868 2177 Prophetiois
899 2125 941 2162 et
970 2121 1250 2176 Apostolicis,
1283 2133 1360 2175 per
1379 2120 1549 2162 tertiam
1569 2120 1613 2161 in
1630 2121 1820 2172 Evange-

398 2198 492 2241 licis
515 2199 693 2238 versata.
727 2192 884 2247 Incipit
905 2196 1047 2234 autem
1061 2222 1074 2245 ,
1105 2191 1326 2248 procedit,
1352 2194 1395 2233 et
1415 2191 1665 2233 terminatur
1686 2201 1818 2244 scopo

402 2267 710 2320 ecclesiastico,
735 2277 810 2307 sen
832 2277 995 2316 canone
1016 2262 1141 2318 fidei,
1167 2261 1477 2319 proponendo,
1501 2266 1550 2303 ut
1578 2261 1820 2303 divInorum

403 2341 677 2384 oraculorum
702 2336 819 2393 justo
841 2337 1075 2391 interprete
1106 2337 1176 2388 (l).
1212 2336 1268 2377 At
1296 2335 1339 2376 in
1361 2335 1442 2376 hae
1463 2338 1658 2376 accurata
1679 2344 1820 2374 rerum

403 2411 681 2468 dispositione
704 2409 860 2451 nullam
878 2408 1004 2463 plane
1028 2407 1172 2450 sedem
1192 2406 1274 2448 sibi
1300 2410 1442 2461 potest
1461 2404 1675 2447 vindicare
1696 2416 1822 2459 quar-

403 2490 473 2527 tus
493 2484 563 2526 ille
582 2483 694 2525 liber
713 2494 786 2523 seu
809 2476 956 2523 Oratio
976 2479 1281 2521 Maurinorum.

502 2554 616 2608 Quid
652 2551 772 2608 quod
807 2553 852 2594 in
888 2550 1121 2593 verborum
1160 2561 1334 2604 quoque
1372 2560 1453 2590 usu
1486 2548 1551 2589 sui
1582 2547 1729 2589 similis
1759 2550 1823 2587 est

406 2631 583 2683 quartus
608 2625 744 2678 liber,
768 2628 841 2666 aut
869 2623 1015 2665 saltem
1040 2621 1251 2664 dissimilis
1280 2621 1410 2661 trium
1425 2618 1692 2661 Orationum.
1715 2618 1821 2659 Nam

478 2750 523 2792 (Ι)
543 2749 619 2783 Vid-
639 2758 736 2782 VOCCS
753 2749 879 2791 σκόπος
892 2775 902 2791 ,
919 2749 1022 2784 κανών
1035 2773 1046 2789 ,
1066 2747 1211 2786 ἀλήθεια
1226 2772 1236 2789 ,
1256 2745 1399 2784 διάνοια,
1415 2744 1476 2776 etc.
1491 2743 1617 2782 orat.1,
1633 2744 1669 2774 37
1687 2740 1822 2773 initam.

409 2799 481 2831 init.
499 2801 550 2831 46.
571 2798 644 2830 init.
659 2807 694 2839 11,
712 2803 724 2830 1
744 2798 815 2830 init.
837 2802 856 2830 5
874 2796 946 2829 init.
968 2800 1005 2829 31
1027 2796 1099 2828 init.
1124 2798 1163 2828 33
1181 2793 1254 2826 init.
1276 2797 1316 2826 35
1334 2792 1405 2824 init.
1427 2793 1465 2824 44
1485 2790 1556 2824 init.
1574 2794 1627 2830 63,
1645 2793 1686 2822 65
1701 2788 1774 2821 init.
1785 2790 1827 2821 7o

407 2853 479 2886 init.
496 2855 572 2894 111,7
597 2853 653 2885 fin.
677 2857 714 2885 18
731 2851 817 2886 med.
839 2856 878 2885 28
897 2851 953 2884 fin.
976 2855 1016 2884 29
1031 2849 1103 2883 init.
1127 2853 1178 2890 35,
1199 2852 1250 2881 58.
1269 2847 1325 2879 fin.
1343 2847 1407 2878 etc.
