1950 3340
939 213 1173 252 -22—
1553 212 1583 245 s

348 286 602 337 Athanasius
624 307 799 350 quoque
822 306 903 349 pro
926 299 1048 348 parte
1073 306 1170 346 sua,
1193 306 1270 348 per
1293 293 1396 335 duas
1417 293 1625 335 sectiones
1655 297 1773 335 totus

346 371 408 409 est
437 368 481 408 in
512 366 661 409 eodem
692 367 932 420 Scripturae
962 365 1060 407 loco
1092 363 1360 407 excutiendo.

436 439 517 491 (13)
551 438 727 480 Accedit
757 437 943 492 denique
961 470 972 491 ‚
1007 436 1126 491 quod
1157 440 1307 478 notatu
1338 439 1450 478 certe
1481 435 1658 490 dignum
1677 439 1769 487 est,

346 509 460 551 idem
489 509 803 565 propemodum
825 509 981 550 sentire
1006 507 1282 549 Athanasium
1305 507 1358 550 de
1378 511 1531 549 natura
1561 506 1772 560 dogmatis

346 580 602 633 Sabelliani,
636 580 756 635 quod
787 579 1015 621 Eusebium
1031 611 1043 632 ,
1077 580 1337 633 Eugenium,
1367 578 1567 621 Basiliam
1596 577 1772 620 sensisse

346 665 475 707 supra
506 653 667 694 dictum
696 656 774 694 est.
801 654 996 704 Σαβελλὶου
1031 657 1069 690 τὸ
1103 652 1347 704 ἐττι·ι.ἰ’*,ὃε·,ιμα7
1381 658 1444 690 τὸν
1477 653 1586 689 αὐτὸν
1608 653 1686 688 υἱόν
1707 655 1769 687 καὶ

346 729 482 777 πατέρα
511 728 702 778 λέγοντος,
738 731 797 762 καὶ
831 728 998 777 ἑκάτερον
1028 726 1263 776 ἀναιροῦντος
1285 753 1297 777 ‚
1333 727 1390 762 ὅτε
1411 729 1470 776 μὲν
1493 727 1589 776 υἱὸς,
1612 728 1674 761 τὸν
1697 739 1772 761 πα-
1821 727 1823 729 ’

346 801 429 851 τὲρα
450 829 462 850 7
498 795 555 836 ὅτε
589 798 629 834 δὲ
662 805 795 850 πατὴρ,
835 803 893 836 τὸν
920 800 1011 834 υἱόν.
1033 800 1070 849 S,
1098 798 1142 837 9.

433 868 634 909 Profecto
665 868 791 922 plura
829 873 927 910 sunt
966 880 1074 922 quae
1117 866 1303 908 conferri
1342 866 1505 921 possint
1545 864 1599 907 ad
1638 864 1771 907 Atha—-

343 940 449 981 nasii
475 939 633 981 librum
661 945 861 994 quartum
891 953 941 981 ex
974 939 1161 981 Marcelli
1192 943 1234 979 et
1264 937 1440 980 Photini
1469 936 1631 978 haeresi
1670 935 1769 977 illu-

343 1009 590 1062 strandum3
615 1010 718 1052 haec
749 1015 888 1052 autem
910 1010 1235 1065 qualiacumque
1257 1009 1357 1050 satis
1377 1009 1459 1050 sint
1479 1019 1566 1062 quo
1589 1006 1769 1048 demon-

343 1086 514 1135 stretur,
537 1082 645 1124 illud
672 1083 921 1124 sanctissimi
942 1082 1130 1123 doctoris
1154 1093 1287 1135 opus,
1314 1092 1402 1121 non
1423 1078 1624 1120 adversus
1642 1079 1767 1119 Aria-

343 1165 445 1207 nos,
490 1154 566 1195 sed
594 1153 795 1196 adversus
833 1154 1185 1195 photinianorum
1216 1152 1372 1205 dogma
1406 1163 1495 1192 esse
1533 1154 1763 1191 exaratum.

342 1224 487 1278 Neque
511 1223 557 1266 id
588 1225 768 1266 multum
795 1227 838 1267 in
867 1225 948 1266 hac
973 1237 1019 1267 rc
1047 1224 1160 1265 valet
1182 1255 1193 1276 ,
1227 1236 1314 1278 quo
1346 1227 1488 1264 motus
1506 1255 1518 1275 ,
1545 1221 1764 1263 Montefal-

342 1299 491 1339 conius
528 1297 695 1339 dubitat
730 1310 784 1339 an
820 1297 1073 1352 opusculum
1116 1299 1261 1338 Contra
1296 1297 1463 1337 Sabella·
1493 1296 1675 1348 qreqales
1715 1294 1769 1335 sit

341 1368 588 1421 Athanasii3
621 1368 783 1410 nullam
813 1369 974 1410 scilicet
1003 1380 1093 1410 esse
1123 1367 1353 1408 memoriae
1383 1365 1602 1420 proditam
1633 1364 1768 1407 Atha—

341 1439 448 1481 nasii
487 1451 585 1481 eum
623 1438 961 1481 Sabellianorum
995 1438 1161 1480 familiis
1204 1437 1534 1479 dimicationem.
1588 1437 1694 1477 Nam
1735 1436 1769 1477 si

318 1510 483 1564 ”reipsa
513 1514 677 1552 certum
709 1515 771 1552 est
787 1542 798 1561 ‚
832 1510 948 1552 hunc
976 1509 1136 1552 librum
1159 1509 1212 1551 de
1235 1509 1555 1551 Sabellianismo
1580 1506 1768 1561 quodam

343 1581 589 1636 disputare,
622 1593 711 1623 esse
732 1585 875 1622 autem
898 1582 1154 1634 genuinum,
1189 1579 1264 1631 (id
1292 1578 1412 1634 quod
1443 1591 1567 1619 nemo
1603 1577 1767 1619 inficia-

344 1656 467 1706 tur,)
501 1652 606 1707 quid
636 1653 750 1694 ultra
780 1652 1071 1707 quaerendum
1102 1652 1199 1693 est?
1230 1651 1411 1693 aliorum
1443 1651 1657 1693 silentium
1690 1662 1767 1691 ex-

343 1724 572 1778 plicatione
605 1729 730 1779 eget,
774 1723 847 1766 sed
868 1724 973 1765 nihil
1000 1724 1172 1778 probat.
1210 1724 1510 1778 Opportunum
1533 1725 1674 1763 autem
1705 1725 1768 1762 est

343 1795 556 1837 Sirmondi
595 1807 846 1850 responsum
879 1795 932 1837 de
964 1796 1228 1850 Hieronymo
1270 1793 1460 1836 similiter
1493 1792 1766 1847 praetermit-

343 1871 459 1909 tente
489 1866 660 1908 Eusebii
687 1871 894 1908 tractatus
924 1871 1075 1909 contra
1097 1866 1348 1908 Sabellium:
1376 1888 1436 1895 —
1471 1882 1487 1899 «
1507 1863 1560 1906 de
1594 1862 1768 1905 infinitis

342 1937 630 1980 voluminibus
659 1950 767 1992 quae
794 1937 848 1980 ab
877 1937 1060 1980 Eusebio
1092 1937 1205 1979 edita
1234 1940 1436 1989 testatur,
1469 1947 1628 1989 pauca,
1652 1937 1766 1976 certe

345 2021 433 2050 non
455 2010 619 2063 omnia,
647 2010 959 2064 Hieronymum
979 2019 1347 2051 commemorasse.
1371 2026 1387 2042 »
1424 2005 1634 2048 Sirmond.
1659 2007 1762 2058 Opp.

345 2084 455 2122 tom.
481 2093 515 2122 1.
539 2081 632 2121 init.

429 2152 525 2194 Jam
554 2151 660 2193 mihi
679 2150 926 2205 disputandi
948 2150 1116 2193 tandem
1146 2149 1275 2192 finem
1295 2149 1460 2192 facturo
1477 2179 1489 2201 ‚
1514 2148 1558 2189 in
1581 2151 1764 2189 mentem

344 2222 459 2264 subit
489 2222 813 2264 Ciceronianum
834 2222 956 2274 illud,
994 2241 1010 2257 «
1029 2222 1171 2264 Utitur
1191 2222 1236 2263 in
1255 2233 1301 2262 re
1328 2233 1417 2262 non
1438 2219 1565 2262 dubia
1587 2218 1766 2261 testibus

342 2307 430 2336 non
458 2294 717 2336 necessariis.
742 2312 758 2328 υ
794 2294 851 2335 At
873 2298 987 2336 certe
1006 2293 1123 2335 nulla
1144 2293 1278 2335 moles
1309 2294 1657 2345 argumentorum
1686 2288 1767 2331 illis

343 2366 472 2407 nimia
502 2370 564 2407 est
580 2396 592 2418 ‚
625 2365 701 2419 qui
735 2364 1002 2406 adversarios
1035 2363 1192 2406 habent
1220 2362 1598 2405 Montesalconium
1630 2361 1766 2402 Bene-

345 2435 550 2478 dictinum
567 2467 579 2490 ‚
609 2435 815 2477 Jesuitam
843 2436 1079 2478 Petavium.

432 2581 578 2621 Restat
596 2583 645 2621 ut
662 2578 912 2634 subjiciatur
939 2579 1061 2634 operi
1084 2582 1234 2620 nostro
1253 2577 1395 2619 brevis
1422 2575 1633 2631 quaedam
1664 2587 1763 2617 ana-

342 2648 446 2704 lysis
462 2650 648 2703 partium
666 2662 739 2692 seu
759 2650 1095 2704 fragmentorum
1114 2661 1263 2692 eorum
1277 2680 1289 2702 ,
1322 2661 1372 2690 ex
1395 2646 1552 2702 quibus
1574 2646 1765 2689 consistit

343 2719 414 2763 hic
442 2720 567 2763 liber.

439 2794 477 2833 1.
512 2793 726 2836 sectiones
750 2797 913 2848 septem
928 2825 940 2846 ‚
973 2795 1068 2847 1-5‚
1093 2795 1136 2847 9,
1166 2794 1231 2845 10,
1255 2791 1544 2835 Monarchiam
1562 2793 1761 2842 tractant,
