1950 3340
935 227 992 234 .-
1021 204 1076 245 26
1109 227 1166 232 -.

429 290 481 342 (4)
515 290 662 344 Neque
695 299 796 330 sane
818 292 880 330 est
914 286 1035 342 qnod
1062 286 1296 338 miremur,
1331 282 1443 335 (hoc
1476 281 1590 324 enim
1625 279 1763 323 obiter

341 361 425 404 dici
455 361 605 413 iiceat)
635 359 670 402 si
697 361 845 401 Patres
874 357 1128 400 Antiocheni
1156 355 1408 398 oeconomia
1436 352 1620 408 quadam
1642 356 1765 395 uten-

341 433 443 475 dum
475 445 564 475 esse
595 431 792 473 duxerint
808 461 819 483 ,
845 430 889 471 in
910 441 1016 471 voce
1036 430 1261 469 homousion
1282 424 1538 468 adhibenda.
1564 424 1671 465 Nam
1690 423 1765 477 qui

338 506 466 558 primi
502 502 624 545 Pauli
659 514 827 544 causam
865 503 1187 551 tractaverunt,
1227 498 1482 553 Dionysius,
1534 495 1764 549 Gregorius

337 573 698 617 Neocaesariensis
709 604 720 625 ‚
743 572 1045 614 Athenodorus
1059 602 1071 623 ,
1089 571 1267 612 fortasse
1279 569 1546 611 Firmilianus
1562 598 1573 620 ‚
1592 566 1765 609 fuerunt

339 647 530 700 Origenis
555 644 773 698 discipuli,
807 643 998 685 acerrimi
1028 642 1338 697 impugnatoris
1375 652 1524 682 eorum
1555 639 1629 693 qui
1660 651 1760 681 cor-

338 729 514 772 poream
546 717 732 770 aliquam
756 719 951 756 naturam
979 715 1070 756 Deo
1093 713 1359 764 tribuerent3
1393 711 1562 767 qualem
1584 714 1762 752 conten-

338 789 399 830 dit
416 788 589 840 Paulus,
611 786 789 828 testibus
807 786 1039 828 Athanasio
1059 789 1102 827 et
1121 783 1290 837 Basilio,
1310 784 1355 825 in
1371 782 1585 825 vocabulo
1603 783 1764 822 hommi-

336 865 421 902 sion
448 859 583 901 innui.
628 859 691 900 De
728 857 871 900 divina
903 857 1138 900 substantia
1169 861 1375 911 tanquam
1402 866 1586 909 corpore
1615 853 1761 908 loqui—

334 938 404 974 tur
433 930 739 982 Tertullianus,
766 930 808 970 in
829 931 961 970 Praoe.
983 930 1024 971 7.
1050 928 1185 970 utitur
1201 939 1331 982 porro
1350 957 1361 979 ‚
1384 930 1484 981 post
1502 925 1761 967 Valentinia-

338 1015 415 1045 nos
431 1033 442 1055 ,
465 1013 572 1044 voce
595 1003 754 1053 προβολὴ
772 1029 783 1049 ,
807 1000 942 1050 (sicut
971 999 1160 1041 Justinus
1186 1002 1369 1054 cognata
1389 997 1536 1053 ,phrasi
1569 999 1760 1051 προβληθὲν

335 1078 508 1126 γέννημα,
533 1074 762 1127 Tryph.62.
782 1076 792 1126 )
813 1086 824 1125 3
845 1076 887 1114 at
905 1072 1108 1125 Origenes
1132 1074 1282 1112 contra
1298 1100 1309 1122 ‚
1337 1081 1434 1111 cum
1458 1067 1651 1111 Candido
1673 1070 1761 1110 Va-

334 1147 569 1188 lentiniano
607 1157 891 1198 congressus,
928 1142 1106 1184 verbum
1147 1141 1254 1183 illud
1286 1139 1491 1196 reprobat
1507 1172 1519 1194 ,
1550 1139 1762 1182 Melitonis

337 1221 478 1260 autem
513 1229 650 1271 opus,
684 1223 761 1270 περὶ
795 1219 999 1268 ἐνσωμάτου
1021 1223 1114 1253 Θεοῦ
1146 1214 1329 1256 severius
1359 1216 1509 1265 notat,
1542 1213 1586 1252 in
1619 1213 1758 1253 Genes.

336 1291 500 1341 Fraqm.
526 1293 560 1329 t.
580 1290 621 1329 2.
649 1301 694 1343 p.
722 1290 795 1341 25,
829 1287 950 1342 quasi
978 1289 1114 1329 Deum
1146 1298 1234 1328 esse
1265 1283 1521 1326 materialem
1551 1283 1759 1336 docuerit,

335 1360 424 1402 vid.
460 1361 586 1402 etiam
615 1362 664 1401 cle
691 1362 805 1401 Orat.
831 1361 902 1401 23.
942 1359 1022 1401 Illa
1041 1359 1359 1401 Platonicorum
1385 1368 1559 1411 quoque
1579 1355 1763 1398 admira-

336 1433 397 1473 tio
415 1462 427 1484 ‚
454 1444 563 1486 quae
590 1433 635 1473 in
668 1433 850 1485 Origene
872 1431 1059 1473 cernitur
1080 1461 1092 1483 ‚
1131 1429 1283 1471 eodem
1314 1432 1477 1483 spectat
1496 1458 1507 1479 ‚
1541 1439 1639 1469 cum
1669 1427 1763 1482 phi-

334 1503 507 1558 losophi
531 1504 653 1545 istius
682 1507 819 1546 sectae
835 1536 847 1557 ,
881 1515 969 1558 quo
1000 1503 1138 1544 Deum
1168 1500 1523 1555 simplicissimum
1549 1502 1592 1540 et
1620 1498 1761 1553 perfe-

335 1575 566 1618 ctissimum
582 1587 670 1617 esse
681 1575 915 1628 traderent,
931 1574 1046 1616 soliti
1062 1575 1146 1615 sint
1162 1573 1284 1614 illum
1299 1571 1511 1626 appellare
1530 1574 1761 1624 ὑπερούσιον.

423 1647 622 1689 Profecto
643 1659 669 1689 a
690 1647 862 1690 Plotiuo
883 1648 998 1688 Deus
1021 1644 1287 1700 appellatur,
1326 1661 1342 1677 «
1363 1643 1486 1698 origo
1519 1643 1759 1685 existentiae

338 1722 380 1760 et
410 1718 693 1772 praestantior
723 1723 824 1759 usia.
847 1738 862 1753 υ
898 1719 939 1760 5.
967 1718 1149 1758 Ennead.
1175 1729 1221 1769 v,
1254 1717 1321 1757 ll.
1353 1715 1453 1769 quia
1488 1732 1503 1750 «
1523 1715 1760 1769 superemi-

340 1802 445 1831 nens
474 1790 618 1832 omnia
641 1793 733 1842 est,
767 1802 856 1832 non
875 1789 975 1842 illa,
1008 1788 1084 1831 sed
1114 1799 1241 1830 causa
1263 1787 1468 1829 illorum»
1496 1787 1596 1827 ibid.
1623 1799 1661 1828 c.
1677 1787 1758 1828 ult.

338 1860 464 1913 Quod
486 1860 725 1903 docuerunt
745 1874 878 1916 porro
900 1860 1192 1902 materialistae
1220 1858 1273 1900 de
1295 1857 1543 1900 necessitate
1563 1857 1760 1913 physica,

335 1932 379 1974 in
405 1945 530 1975 causa
554 1932 635 1975 fuit
662 1945 738 1975 cur
770 1933 962 1975 Plotinus
994 1933 1073 1974 Dei
1109 1931 1323 1985 energiam
1345 1934 1388 1971 et
1410 1929 1675 1971 voluntatem
1698 1929 1761 1972 di-

337 2008 453 2046 ceret
479 2003 570 2058 ejus
591 2017 679 2047 esse
699 2008 849 2057 usiam,
887 2006 930 2046 6.
964 2006 1071 2045 Enn.
1095 2015 1197 2055 vm,
1229 2003 1297 2044 13.
1322 2002 1525 2056 Origenes
1548 2013 1724 2056 quoque
1747 2033 1758 2054 ,

340 2095 356 2111 α
383 2077 530 2130 Neque
552 2077 664 2118 enim
683 2078 794 2118 usiae
813 2077 1026 2131 particeps
1043 2079 1107 2116 est
1122 2075 1256 2127 Deus,
1281 2073 1511 2128 participes
1527 2073 1638 2114 enim
1658 2072 1761 2114 facit

334 2148 478 2203 potius
493 2178 505 2199 ‚
538 2160 667 2202 quam
687 2148 778 2202 ipse
799 2152 861 2190 est
882 2147 1110 2202 particeps.
1130 2165 1144 2181 u
1171 2147 1308 2187 Contr.
1336 2146 1441 2186 θεῖε.
1464 2156 1528 2196 v1‚
1551 2144 1625 2185 64.
1653 2144 1762 2185 Hinc

334 2232 421 2262 vox
454 2222 668 2272 ὑπερούσιον
706 2220 759 2262 de
797 2220 888 2261 Deo
925 2221 1156 2272 usurpatur
1193 2215 1247 2258 ab
1283 2215 1569 2270 Areopagita‚
1602 2216 1652 2255 de
1673 2215 1757 2255 div.

336 2304 442 2332 nom.
458 2295 541 2344 1‚2.
563 2295 606 2333 et
627 2304 651 2332 a
670 2291 854 2333 Maximo
876 2289 1152 2342 Confessore3
1183 2307 1199 2322 «
1224 2291 1334 2326 οὐσία
1351 2319 1363 2339 ,
1385 2286 1556 2337 scribit,
1595 2286 1759 2341 impro-

334 2364 428 2416 prie
459 2361 511 2404 de
540 2363 632 2404 Deo
661 2361 819 2404 dieitur
838 2391 850 2414 ‚
883 2374 982 2403 nam
1017 2365 1229 2413 ὑπερούσιος
1261 2364 1349 2412 est,
1373 2379 1387 2393 »
1413 2360 1457 2399 in
1478 2359 1678 2410 Areopaq.
1712 2358 1761 2396 de

336 2435 421 2476 cliv.
443 2447 549 2475 nom.
575 2446 618 2475 v.
642 2437 733 2476 init.
759 2433 859 2476 Vid.
885 2434 1014 2476 etiam
1042 2434 1236 2475 Damaso.
1263 2433 1355 2473 Fid.
1392 2430 1509 2471 Orth.
1534 2441 1551 2469 1
1566 2458 1578 2479 ‚
1603 2428 1627 2468 4
1651 2431 1694 2468 et
1712 2429 1753 2478 8,

335 2517 411 2560 pp.
442 2506 649 2559 137‚147.
675 2505 929 2559 Gregorium
945 2506 1045 2547 Naz.
1069 2516 1260 2559 quoque,
1277 2502 1352 2557 qui
1371 2502 1508 2543 Deum
1524 2498 1652 2540 docet
1673 2509 1762 2540 esse

334 2581 425 2629 ὑπὲρ
441 2585 504 2620 τὴν
524 2580 661 2616 οὐσίαν.
681 2578 924 2631 οναι.6,12.
949 2578 1003 2618 Et
1022 2575 1346 2618 Constantinum
1365 2573 1421 2614 ad
1440 2573 1574 2613 Sanct.
1594 2570 1757 2611 Coet.9.

424 2650 627 2704 Origenes
657 2662 757 2692 sane
786 2649 831 2691 in
859 2650 986 2691 Joan.
1012 2653 1046 2690 t.
1073 2649 1147 2701 20,
1178 2648 1246 2688 16.
1281 2657 1334 2687 eo
1364 2653 1500 2698 usque
1529 2638 1760 2696 progredi-

336 2723 406 2761 tm'
423 2751 436 2771 v
469 2725 516 2763 ut
543 2720 676 2764 verba
702 2719 988 2776 reprehendat
1018 2722 1056 2758 ἐκ
1087 2728 1150 2763 τῆς
1183 2721 1310 2762 οὐσίας
1342 2723 1406 2757 τοῦ
1430 2719 1563 2767 πατρὸς
1586 2719 1759 2764 ’γεγεννῆ-

338 2795 422 2829 σθαι
455 2798 520 2831 τὸν
553 2797 658 2840 uiam
700 2791 778 2846 sed⁴
815 2791 872 2834 ob
905 2792 1017 2834 hanc
1045 2792 1173 2847 plane
1199 2802 1290 2834 rem
1313 2819 1325 2843 ,
1359 2788 1459 2844 quia
1499 2784 1758 2835 arbitratur,
