1950 3340
184 282 313 332 atque
345 275 513 318 intuens
544 279 741 328 tanquam
776 271 950 313 unicum
989 271 1201 325 exemplar
1236 283 1360 313 suum
1377 302 1388 324 ,
1433 284 1483 314 ex
1522 285 1609 327 quo

181 348 390 391 mundum
422 349 666 389 nascentem
697 344 953 398 exprimeret
982 341 1189 385 imitando
1225 347 1267 385 et
1299 342 1604 385 conformaret.

185 421 323 473 Quare
339 420 468 461 Filius
487 415 766 473 progrediens
782 428 806 457 a
826 416 951 456 Patre
971 427 1060 456 non
1079 413 1214 456 factus
1234 419 1299 457 est
1319 414 1460 457 denuo
1483 415 1612 457 Filius

166 493 346 554 fatris,
377 489 451 532 sed
480 487 640 530 mundo
676 487 834 539 Filius,
871 490 920 527 ut
950 485 1109 527 scilicet
1145 484 1504 528 condescensione
1535 498 1611 528 sua

180 562 366 604 mundus
397 560 517 602 fieret
551 557 869 613 quodammodo
896 558 1033 599 Patris
1065 556 1176 599 filius
1196 590 1208 611 ,
1237 562 1280 599 et
1303 558 1347 599 in
1382 557 1611 599 coelestem

181 633 385 675 familiam
426 630 719 684 adoptaretur.
761 628 887 681 Quod
922 629 957 670 si
987 641 1134 670 verum
1164 633 1228 670 cst
1246 659 1259 682 ‚
1291 628 1607 683 Primogenitus

183 704 292 746 nihil
324 702 440 745 aliud
473 700 707 755 significare
725 731 737 753 ‚
771 701 850 742 nisi
878 700 1009 742 Filius
1039 699 1333 756 Archetypus,
1371 698 1605 742 videbitur.

184 775 253 817 Ad
282 774 466 816 rationes
495 773 730 814 veniamus.

268 846 475 898 Primum,
494 844 673 886 verbum
689 845 987 896 συγκατὰβασις,
1009 843 1099 884 sive
1122 842 1444 896 condescensio,
1465 841 1604 896 (quod

182 917 288 960 adeo
322 930 410 958 non
440 915 722 970 generationis
741 915 786 957 in
815 927 858 956 se
886 914 1015 956 habet
1035 914 1172 956 ullum
1194 926 1363 956 sensum
1380 944 1392 966 ,
1416 916 1466 955 ut
1485 913 1603 954 testi-

184 989 268 1031 bus
298 988 483 1031 Vesselio
513 991 556 1028 et
574 987 742 1029 Suicero
777 985 829 1028 de
864 987 1050 1027 Aeterno
1087 987 1212 1027 Patre
1231 1017 1243 1039 ,
1278 985 1468 1026 omnium
1497 995 1605 1026 con-

184 1063 427 1111 servatore,
459 1071 482 1100 a
511 1057 710 1100 Patribus
737 1059 1024 1112 usurpetur,)
1053 1055 1158 1111 quid
1185 1055 1286 1098 velit
1317 1055 1432 1110 apud
1464 1054 1604 1096 Atha-

181 1131 345 1172 nasium
359 1162 371 1183 ,
400 1128 580 1184 liquebit
601 1128 841 1182 legentibus
863 1129 1072 1170 sectiones
1090 1129 1228 1170 78-81
1257 1125 1471 1169 Orationis
1492 1125 1604 1167 illius

186 1201 239 1243 de
273 1213 356 1255 qua
395 1200 464 1241 hic
498 1201 650 1253 agitur.
685 1199 762 1241 Illa
795 1199 1094 1254 disputationis
1121 1210 1222 1241 suae
1251 1210 1349 1252 pars
1378 1196 1528 1251 incipit
1562 1199 1607 1237 et

178 1273 430 1315 terminatur
468 1270 685 1313 mentione
715 1270 825 1312 facta
856 1270 1226 1312 condescensionis
1265 1268 1425 1312 Verbi:
1473 1279 1606 1322 quare

179 1344 236 1387 ad
267 1356 358 1386 eam
390 1342 632 1385 adeundum
660 1346 723 1384 est
750 1346 957 1397 tanquam
987 1342 1043 1384 ad
1065 1341 1344 1396 praecipuum
1377 1338 1607 1394 quemdam

177 1416 337 1468 locum,
359 1413 472 1456 unde
492 1414 556 1455 vis
583 1413 784 1455 vocabuli
813 1414 858 1455 in
888 1413 1134 1467 gravissima
1163 1413 1242 1454 hac
1263 1412 1440 1453 materia
1464 1410 1603 1464 possit

180 1487 287 1529 erui.
315 1486 470 1541 Incipit
490 1490 631 1528 autem
659 1485 724 1527 his
739 1485 880 1527 verbis
898 1499 908 1525 :
933 1503 949 1520 «
969 1485 1064 1537 Quo
1086 1497 1153 1526 res
1175 1484 1310 1526 sactae
1329 1495 1419 1524 non
1436 1486 1604 1524 tantum

179 1559 430 1611 existerent,
462 1557 538 1599 sed
573 1557 699 1599 etiam
725 1556 835 1598 bene
867 1557 1094 1598 existerent
1111 1587 1122 1607 ‚
1155 1556 1317 1610 placuit
1345 1555 1435 1596 Deo
1459 1557 1508 1594 ut
1528 1565 1605 1594 sua

178 1629 389 1684 Sapientia
417 1641 461 1670 se
491 1628 545 1670 ad
575 1641 643 1670 res
672 1633 831 1670 creatas
862 1627 1247 1681 condescenderet,
1272 1631 1321 1668 ut
1343 1630 1496 1681 typum
1515 1624 1598 1665 ali-

180 1713 306 1755 quem
337 1704 380 1742 et
409 1701 589 1755 speciem
618 1700 749 1754 ipsius
779 1700 1002 1753 Imaginis,
1036 1711 1131 1741 cum
1162 1701 1207 1741 in
1237 1698 1435 1739 omnibus
1458 1695 1598 1746 simul,

180 1775 270 1813 tum
292 1771 337 1812 in
359 1771 534 1824 singulis
551 1771 835 1824 imprimeret;
861 1783 948 1825 quo
971 1771 1172 1812 nimirum
1191 1771 1464 1825 perspicuum
1482 1767 1603 1808 fieret

179 1846 223 1883 et
253 1841 456 1895 sapientia
477 1845 642 1883 ornatas
664 1854 753 1883 esse
772 1854 838 1883 res
860 1842 991 1884 factas
1016 1847 1058 1884 et
1079 1842 1210 1896 digna
1230 1843 1321 1883 Deo
1344 1853 1432 1883 esse
1454 1850 1603 1894 opera.

179 1914 237 1954 Ut
267 1913 378 1955 enim
404 1916 598 1954 nostrum
617 1912 806 1955 Verbum
822 1943 834 1966 ,
865 1913 1016 1967 Verbi,
1051 1915 1126 1968 qui
1154 1914 1234 1955 Dei
1264 1916 1328 1954 est
1357 1911 1514 1964 Filius,
1539 1912 1603 1951 est

181 1983 348 2037 imago;
380 1983 439 2025 ita
476 1984 676 2038 sapientia
710 1985 755 2025 in
787 1984 912 2026 nobis
941 1985 1052 2027 facta
1081 1983 1269 2039 ejusdem
1307 1982 1465 2034 Verbi,
1497 1991 1605 2035 quae

180 2054 276 2108 ipsa
306 2058 370 2095 cst
403 2054 639 2109 Sapientia,
672 2055 812 2110 imago
845 2067 1019 2110 quoque
1052 2060 1142 2107 est,
1167 2059 1290 2097 etc.»
1323 2056 1361 2106 5.
1386 2054 1458 2095 78.
1491 2049 1605 2104 Quid

181 2125 252 2166 hic
276 2125 505 2179 reperimus
534 2125 587 2167 de
617 2126 760 2168 Verbo
791 2126 932 2169 denuo
962 2127 1078 2169 facto
1109 2126 1218 2168 Filio
1235 2126 1256 2167 ἱ)
1288 2123 1394 2180 quid
1424 2135 1514 2165 non
1543 2121 1598 2164 de

182 2197 291 2238 Filio
330 2196 554 2250 imaginem
588 2197 654 2239 sui
683 2198 952 2252 imprimente
981 2199 1027 2240 in
1064 2197 1266 2253 operibus
1301 2194 1416 2238 suis?
1458 2195 1606 2237 Finem

185 2271 328 2308 autem
364 2267 553 2309 facturus
587 2269 837 2322 Sapientiam
867 2269 1103 2312 introducit
1140 2273 1309 2311 sanctus
1343 2268 1508 2309 Doctor
1543 2265 1606 2307 ita

182 2337 431 2391 loquentem
450 2352 461 2379 :
501 2357 517 2374 «
539 2339 690 2381 Omnia
713 2339 887 2394 quidem
920 2341 966 2383 in
992 2353 1060 2383 me
1091 2345 1134 2382 et
1159 2353 1236 2396 per
1258 2351 1326 2381 me
1346 2338 1457 2380 facta
1478 2340 1601 2379 sunt:

183 2409 282 2462 quia
313 2412 454 2450 autem
487 2421 597 2464 opus
626 2414 718 2452 erat
737 2415 786 2452 ut
807 2412 1015 2466 sapientia
1043 2412 1088 2454 in
1118 2411 1320 2467 operibus
1350 2411 1566 2451 crearetur
1586 2437 1599 2461 ‚

184 2491 265 2534 ego
298 2479 533 2525 secundum
564 2481 843 2525 substantiam
878 2482 1054 2538 quidem
1090 2495 1189 2525 cum
1231 2484 1355 2524 Patre
1397 2479 1569 2522 aderam
1586 2509 1598 2531 ,

183 2561 252 2591 me
282 2563 386 2592 vero
407 2550 462 2593 ad
479 2563 547 2594 res
569 2551 701 2595 factas
722 2553 1089 2607 condescendens,
1120 2565 1262 2595 meum
1283 2556 1437 2608 typum
1455 2548 1602 2592 inillis

183 2624 283 2674 apte
313 2617 633 2677 imprimebam,
666 2628 716 2666 ut
736 2625 957 2667 universus
986 2624 1171 2667 mundus
1200 2629 1406 2678 tanquam
1439 2622 1486 2664 in
1514 2632 1602 2662 uno

182 2703 366 2746 corpore
395 2704 484 2735 nou
511 2705 655 2736 secum
685 2694 950 2738 discordaret
979 2695 1056 2739 sed
1079 2694 1372 2738 concordaret.
1396 2713 1414 2730 ι»
1449 2695 1488 2745 S.
1521 2693 1598 2735 81.

265 2761 391 2814 Quod
410 2767 458 2807 ut
476 2764 641 2821 planius
652 2767 923 2826 intelligatur,
941 2767 1238 2825 exponendum
1249 2771 1315 2821 est
1325 2764 1602 2810 Athanasium
