1950 3340
769 187 828 197 .-
859 165 914 208 65
945 185 1004 196 ...-

183 250 318 295 stolae
347 249 577 294 sardicensi
609 253 793 292 assutam
813 248 1079 291 invenimus:
1118 263 1135 282 «ι
1153 257 1283 289 unam
1306 258 1395 289 esse
1416 245 1607 300 hyposta-

182 325 265 377 sin,
287 334 416 378 quam
432 322 516 378 ipsi
535 320 736 364 haeretici
763 322 892 361 usiam
913 317 1142 374 appellant.
1158 336 1174 354 »
1201 317 1364 359 Theod.
1387 319 1599 371 Hist.11,6.

269 393 351 436 Sed
387 397 638 436 occurretur
667 391 870 445 forsitan,
903 390 1214 445 Hieronymum
1231 420 1244 442 ,
1287 387 1604 430 occidentalem

185 465 343 518 virum,
362 464 564 507 Basilium
583 467 624 505 et
646 461 899 515 Gregorium
920 459 1243 513 Semi-arianos,
1262 470 1350 501 non
1371 459 1471 500 satis
1492 457 1605 500 fidos

184 537 230 578 in
256 537 336 578 hac
362 548 409 578 re
438 547 533 577 esse
557 537 773 586 auctores,
806 532 882 575 sed
911 535 1044 587 prout
1072 543 1148 573 sua
1175 531 1370 586 ipsorum
1391 533 1465 571 aut
1487 529 1602 571 veri-

182 608 282 649 tatis
315 606 490 649 traditio
505 637 516 659 ,
557 609 631 647 aut
666 605 897 646 haereticus
927 615 1047 645 error
1075 601 1241 644 ferebat
1255 632 1267 656 ,
1303 601 1605 643 asseverantius

185 690 314 733 quam
344 676 578 719 consultius
599 675 651 718 de
680 687 806 717 sensu
835 675 1037 727 hypostasi
1058 686 1146 715 esse
1171 677 1364 715 testatos.
1390 673 1524 726 Esto3
1560 676 1605 714 at

182 750 359 802 Magnus
380 748 558 790 Basilius
596 751 746 789 contra
781 746 930 788 habuit
965 746 1036 787 ille
1072 757 1246 799 quoque
1282 757 1382 787 suos
1411 745 1570 786 amicos
1589 774 1601 797 ‚

182 820 454 862 traditionem
473 831 616 872 suam;
638 819 673 861 si
694 818 806 860 enim
828 816 1036 860 Occidens
1065 829 1194 858 unam
1224 808 1451 870 hypostasin
1476 829 1603 872 prae-

181 890 418 944 dicaverat,
438 895 524 932 tres
541 894 647 931 usias
666 888 930 931 Semi-ariani
945 918 957 941 ,
989 889 1049 930 ita
1072 888 1304 930 Orientales
1325 892 1474 930 contra
1494 891 1600 929 stre-

185 974 294 1003 nuos
314 961 441 1003 fuisse
463 965 628 1003 constat
653 961 697 1002 in
725 960 856 1002 trium
884 961 1171 1012 hypostasium,
1208 959 1334 1001 unius
1364 963 1473 1000 usiae
1496 971 1602 1000 con-

188 1032 382 1074 sessione.

267 1106 484 1147 Praeterea
513 1105 703 1146 Socrates
734 1107 884 1146 auctor
917 1107 1002 1156 est,
1036 1102 1317 1157 disceptatum
1346 1101 1474 1144 fuisse
1496 1101 1599 1143 Ale-

184 1175 359 1218 xandria
379 1175 431 1218 de
452 1177 652 1229 hypostasi
681 1175 807 1230 paulo
832 1179 928 1217 ante
946 1174 1182 1217 Concilium
1196 1172 1423 1215 Nicaenum
1439 1204 1450 1226 ,
1472 1184 1601 1227 quam

181 1251 324 1288 tamen
359 1265 374 1281 α
397 1259 450 1289 ne
476 1245 610 1288 verbo
642 1246 816 1301 quidem
841 1246 1061 1300 dignatum
1086 1249 1150 1287 est
1179 1243 1416 1286 Concilium
1437 1243 1596 1285 illud.»

183 1320 381 1371 Hist.111,
409 1319 450 1360 7.
482 1317 527 1359 id
551 1317 669 1372 quod
694 1318 815 1360 aliter
847 1329 890 1359 se
919 1315 1071 1370 habet,
1107 1315 1141 1357 si
1170 1316 1280 1357 inter
1306 1316 1533 1368 hypostasin
1561 1319 1604 1356 et

181 1395 309 1430 ‘asiam
338 1402 362 1431 a
392 1389 581 1431 Concilio
616 1388 864 1430 distinctum
887 1391 965 1430 est.

280 1460 516 1502 Concilium
547 1459 728 1514 denique
760 1458 1094 1502 Alexandrinum
1130 1471 1199 1500 an.
1234 1459 1336 1500 362.
1373 1457 1565 1500 habitum
1587 1488 1599 1511 ‚

184 1543 281 1573 cum
309 1531 550 1573 decerneret
583 1531 795 1584 integrum
831 1543 920 1572 esse
950 1531 1178 1583 hypostasin
1208 1529 1277 1571 vel
1310 1542 1390 1584 pro
1420 1532 1509 1570 usia
1534 1529 1603 1570 vel

181 1616 263 1658 pro
303 1616 488 1659 persona
521 1603 710 1646 adhiberi
731 1634 743 1657 ,
789 1615 878 1645 non
916 1603 1056 1646 solum
1093 1615 1143 1644 eo
1183 1603 1277 1656 ipso
1312 1601 1596 1656 significavit,

183 1674 439 1717 vocabulum
463 1674 570 1717 illud
598 1674 737 1717 adhuc
767 1675 962 1717 relictum
989 1687 1077 1716 esse
1094 1705 1105 1727 ‚
1138 1679 1187 1716 ut
1210 1675 1350 1727 aiunt,
1383 1674 1427 1715 in
1447 1673 1597 1715 Eccle-

183 1747 244 1788 sia
260 1777 272 1799 ,
311 1745 384 1788 sed
415 1745 460 1789 id
494 1747 752 1801 apertissime
784 1746 971 1788 declarat
998 1746 1043 1787 in
1077 1745 1269 1800 Epistola
1298 1756 1387 1786 sua.
1423 1744 1464 1786 Si
1491 1744 1603 1787 enim

183 1818 382 1869 hypostasi
411 1829 579 1859 sensum
605 1829 728 1858 suum
747 1815 836 1871 jam
867 1817 1137 1871 imposuisset
1173 1816 1409 1858 Concilium
1447 1816 1601 1858 Nicae-

185 1900 314 1941 num,
346 1887 449 1943 quid
482 1889 690 1943 reliquum
713 1893 802 1930 erat
829 1887 1120 1929 Alexandrinis
1143 1888 1222 1928 nisi
1251 1899 1348 1928 eum
1377 1886 1601 1941 profiteri?

184 1958 313 2013 Cujus
342 1960 576 2012 argumenti
606 1959 691 2000 vim
719 1959 777 2000 ita
806 1959 1005 2012 intelligit
1034 1959 1204 2012 Bullus,
1237 1962 1286 2000 ut
1312 1957 1531 2011 confugiat
1548 1958 1604 2001 ad

183 2028 496 2084 conjecturam,
527 2030 776 2071 innovatum
805 2029 932 2071 fuisse
963 2030 1008 2071 in
1043 2048 1059 2065 «
1083 2030 1214 2071 veteri
1251 2028 1449 2071 vocabuli
1477 2042 1558 2070 usu
1581 2048 1596 2064 »

182 2101 256 2142 illo
285 2101 378 2155 ipso
418 2101 595 2142 Concilii
635 2101 893 2143 Sardicensis
930 2105 1123 2155 tempore
1144 2133 1156 2154 ,
1195 2099 1520 2142 reclamantibus
1559 2104 1602 2141 et

183 2173 380 2224 Socrate,
414 2173 487 2226 qui
517 2172 640 2213 illum
666 2184 789 2214 usum
821 2175 916 2213 ante
947 2171 1179 2214 Concilium
1202 2171 1434 2213 Nicaenum
1465 2170 1601 2212 collo-

183 2247 268 2295 cat,
301 2244 409 2284 Hist.
434 2254 512 2296 111,
537 2243 582 2296 4,
603 2245 627 2283 5
652 2247 694 2284 et
715 2242 860 2285 tabula
886 2242 1135 2294 Sardicensi‚
1158 2243 1201 2283 in
1222 2254 1306 2296 qua
1323 2243 1447 2284 unius
1474 2242 1601 2294 hypo-

182 2317 294 2354 stasis
316 2313 510 2355 doctrina
531 2326 582 2354 ex
603 2313 832 2355 traditione
853 2313 1071 2355 Catholica
1092 2313 1316 2368 repetitur.

280 2385 339 2426 Ea
376 2396 485 2438 quae
521 2383 772 2426 adduximus
811 2384 966 2426 saeculi
1006 2386 1145 2439 quarti
1186 2388 1284 2426 sunt
1323 2383 1599 2437 testimonia3

183 2466 321 2508 neque
351 2455 466 2497 aliud
500 2460 679 2508 sonant,
712 2456 875 2497 rariora
905 2456 1034 2509 licet,
1069 2467 1178 2510 quae
1209 2455 1262 2497 de
1293 2454 1442 2497 eodem
1472 2467 1602 2497 voca-

182 2524 287 2566 bulo
317 2525 362 2567 in
392 2526 566 2568 saeculis
595 2527 898 2569 ante-nicaenis
927 2526 1170 2569 traduntur.
1204 2527 1395 2568 Socrates
1425 2525 1495 2567 hic
1525 2538 1602 2567 au-

185 2595 363 2638 diendus
389 2601 482 2639 est:
531 2615 547 2632 «
573 2598 656 2649 Qui
698 2598 898 2640 Graecam
934 2599 1045 2640 inter
1084 2599 1268 2640 Graecos
1289 2597 1603 2652 philosophiam

182 2666 447 2710 tradiderunt
465 2698 477 2722 ,
511 2672 638 2709 usiam
661 2668 835 2724 quidem
857 2669 1052 2724 pluribus
1073 2669 1210 2711 modis
1232 2667 1506 2721 definierunt;
1530 2669 1603 2721 hy-

178 2741 347 2790 postasis
375 2751 478 2782 vero
509 2739 669 2783 nullam
694 2752 871 2796 prorsus
892 2741 1148 2784 mentionem
1175 2741 1380 2783 fecerunt.
1406 2741 1601 2783 Irenacus
