1950 3340
795 184 853 191 -
886 162 939 203 57
971 182 1030 190 -

291 248 427 300 Quare
453 245 549 302 jure
571 245 760 301 optimo,
794 248 844 286 ut
873 243 1022 297 cred0‚
1062 255 1141 299 pro
1170 256 1370 287 concesso
1391 250 1534 300 potest
1554 259 1618 289 as-

205 320 312 361 sumi
334 350 345 371 ,
379 317 775 360 condescensionem
790 316 907 358 illam
924 314 1201 369 Primogeniti
1221 315 1275 358 ad
1296 316 1495 358 universa
1519 330 1620 360 con-

205 388 415 431 stituenda
445 387 602 430 nullam
637 399 726 429 esse
749 386 1112 429 adumbrationem
1130 387 1287 428 aeterni
1307 388 1499 442 mysterii
1530 401 1617 442 quo

203 459 333 502 Filius
356 471 380 501 a
411 461 536 501 Patre
567 459 756 514 gignitur
773 490 785 512 ,
819 457 894 500 sed
923 457 1172 513 simpliciter
1202 458 1359 500 referre
1394 459 1446 501 ad
1466 472 1619 502 munus

205 542 292 585 quo
323 530 515 584 fungitur
550 529 800 584 Unigenitus
825 540 926 583 erga
949 541 1079 584 opera
1108 541 1184 572 sua
1203 559 1216 582 ‚
1249 529 1502 585 disponens,
1533 535 1619 572 sta-

204 601 350 643 biliens
369 632 380 654 ‚
416 600 630 643 vivificans
649 613 699 643 ea
717 613 822 655 quae
844 600 1054 643 condidit.
1078 601 1240 643 Scilicet
1258 601 1371 644 idem
1391 602 1480 644 fere
1503 602 1614 644 valet

206 674 428 726 πρωτότοκος
460 676 587 728 atque
627 675 719 726 ἀρχὴ
751 682 812 716 τῆς
845 679 1016 723 κτίσεως,
1057 676 1100 714 et
1137 681 1331 725 μονογενὴς
1363 679 1550 727 πρωτεύων
1584 678 1619 711 ἐν

207 756 248 797 τῇ
280 753 418 796 κτίσει,
450 751 493 788 et
522 747 757 799 πρωτότυπον
789 749 943 798 γέννημα
963 777 976 799 ‚
1009 747 1113 797 μόνος
1144 753 1310 796 γεννητὸς
1341 748 1375 783 ἓν
1410 757 1487 790 τῡϊς
1511 763 1619 798 γενη-

207 827 311 870 τοῖς,
345 823 387 859 et
414 822 575 860 caetera
605 816 792 872 ejusdem
823 817 988 871 generis
1008 848 1020 870 ‚
1053 822 1101 858 ut
1132 818 1359 860 clarissimo
1384 819 1511 860 etiam
1531 821 1621 861 Ma-

204 902 307 932 rano
331 889 458 931 credo
481 889 684 944 placuisse
706 890 752 930 in
773 901 898 943 opere
919 901 997 931 suo
1025 908 1040 924 α
1063 890 1126 931 De
1150 890 1378 932 Divinitate
1401 891 1577 943 Christi3
1601 911 1614 924 »r

205 973 341 1015 neque
372 961 599 1015 quicquam
628 960 730 1002 facit
759 959 815 1002 ad
844 959 1138 1015 probandum,
1184 961 1304 1016 quod
1339 962 1477 1003 voluit
1516 962 1620 1003 Bul-

204 1032 270 1074 lus
288 1064 300 1085 ,
340 1031 574 1073 Concilium
603 1032 835 1073 Nicaenum
862 1031 914 1073 iis
943 1031 1093 1074 favisse
1131 1032 1206 1086 qui
1240 1032 1454 1086 dicerent,
1494 1033 1620 1076 fuisse

204 1103 355 1145 Filium
386 1107 609 1158 antequam
644 1103 900 1156 gigneretur.
947 1103 1094 1145 Finem
1133 1104 1263 1159 igitur
1297 1117 1505 1159 ponamus
1542 1106 1620 1147 ali-

204 1174 377 1228 quando
412 1173 689 1229 disputationi
720 1178 890 1216 nostrae
907 1205 918 1227 ,
954 1174 1001 1217 id
1027 1175 1167 1218 solum
1197 1181 1469 1230 suggerentes
1506 1178 1620 1219 insu-

204 1257 298 1299 per,
316 1258 468 1300 nempe
482 1245 552 1287 issa
574 1257 682 1300 quae
704 1245 757 1287 de
779 1245 997 1288 Athanasii
1016 1245 1210 1288 doctrina
1230 1259 1356 1302 supra
1376 1247 1485 1289 dicta
1504 1253 1617 1298 sunt,

203 1317 380 1358 fortasse
393 1316 556 1358 inutilia
571 1328 658 1358 non
669 1315 762 1358 fore
778 1317 821 1358 in
835 1316 1090 1371 quibusdam
1102 1318 1486 1360 Antenicaenorum
1495 1319 1618 1361 nodis

204 1387 472 1442 expediendis
491 1418 502 1439 ‚
541 1398 650 1442 quos
672 1400 760 1430 non
779 1388 925 1430 Bullus
947 1388 1085 1430 solum
1104 1421 1116 1443 ‚
1151 1389 1226 1432 sed
1255 1395 1408 1433 eventu
1432 1391 1617 1432 feliciore

204 1463 245 1499 ct
279 1459 470 1501 Maranus
501 1462 542 1500 et
573 1458 786 1501 Ballerinii
812 1464 1115 1503 tractaverunt.

1409 2792 1452 2812 *st
