<?xml version="1.0" encoding="UTF-8"?>
<!DOCTYPE html PUBLIC "-//W3C//DTD XHTML 1.0 Transitional//EN"
    "http://www.w3.org/TR/xhtml1/DTD/xhtml1-transitional.dtd">
<html xmlns="http://www.w3.org/1999/xhtml" xml:lang="en" lang="en">
 <head>
  <title>
</title>
<meta http-equiv="Content-Type" content="text/html;charset=utf-8" />
  <meta name='ocr-system' content='tesseract 3.04.00' />
  <meta name='ocr-capabilities' content='ocr_page ocr_carea ocr_par ocr_line ocrx_word'/>
</head>
<body>
  <div class='ocr_page' id='page_1' title='image "a544052900newmuoft_0072.png"; bbox 0 0 1950 3340; ppageno 0'>
   <div class='ocr_carea' id='block_1_1' title="bbox 957 191 1195 232">
    <p class='ocr_par' dir='ltr' id='par_1_1' title="bbox 957 191 1195 232">
     <span class='ocr_line' id='line_1_1' title="bbox 957 191 1195 232; baseline 0 -11"><span class='ocrx_word' id='word_1_1' title='bbox 957 191 1195 232; x_wconf 67' lang='lat'>-02-</span> 
     </span>
    </p>
   </div>
   <div class='ocr_carea' id='block_1_2' title="bbox 351 273 1788 2846">
    <p class='ocr_par' dir='ltr' id='par_1_2' title="bbox 358 273 1788 545">
     <span class='ocr_line' id='line_1_2' title="bbox 358 273 1788 331; baseline 0.001 -15"><span class='ocrx_word' id='word_1_2' title='bbox 358 274 515 316; x_wconf 87' lang='lat' dir='ltr'>arianis</span> <span class='ocrx_word' id='word_1_3' title='bbox 539 274 730 331; x_wconf 79' lang='lat' dir='ltr'><strong>Ancyrae</strong></span> <span class='ocrx_word' id='word_1_4' title='bbox 754 273 823 316; x_wconf 86' lang='lat' dir='ltr'>vel</span> <span class='ocrx_word' id='word_1_5' title='bbox 853 273 992 316; x_wconf 86' lang='lat' dir='ltr'>Sirmii</span> <span class='ocrx_word' id='word_1_6' title='bbox 1018 274 1105 316; x_wconf 89' lang='lat' dir='ltr'>lata</span> <span class='ocrx_word' id='word_1_7' title='bbox 1129 278 1290 327; x_wconf 90' lang='lat' dir='ltr'>essent,</span> <span class='ocrx_word' id='word_1_8' title='bbox 1310 273 1420 317; x_wconf 89' lang='lat' dir='ltr'>inter</span> <span class='ocrx_word' id='word_1_9' title='bbox 1441 273 1522 316; x_wconf 77' lang='lat' dir='ltr'>aiia</span> <span class='ocrx_word' id='word_1_10' title='bbox 1543 286 1649 330; x_wconf 91' lang='lat' dir='ltr'>quae</span> <span class='ocrx_word' id='word_1_11' title='bbox 1675 280 1788 318; x_wconf 84' lang='lat' dir='ltr'>recte</span> 
     </span>
     <span class='ocr_line' id='line_1_3' title="bbox 358 345 1787 401; baseline 0.001 -13"><span class='ocrx_word' id='word_1_12' title='bbox 358 345 663 390; x_wconf 87' lang='lat' dir='ltr'>confiterentur</span> <span class='ocrx_word' id='word_1_13' title='bbox 683 379 695 401; x_wconf 87' lang='lat'>,</span> <span class='ocrx_word' id='word_1_14' title='bbox 727 346 814 389; x_wconf 84' lang='lat' dir='ltr'>hoc</span> <span class='ocrx_word' id='word_1_15' title='bbox 844 359 932 389; x_wconf 89' lang='lat' dir='ltr'>esse</span> <span class='ocrx_word' id='word_1_16' title='bbox 954 350 1157 399; x_wconf 88' lang='lat' dir='ltr'>testatur,</span> <span class='ocrx_word' id='word_1_17' title='bbox 1195 365 1212 382; x_wconf 92' lang='lat'>«</span> <span class='ocrx_word' id='word_1_18' title='bbox 1236 346 1333 388; x_wconf 86' lang='lat' dir='ltr'>Non</span> <span class='ocrx_word' id='word_1_19' title='bbox 1357 350 1551 388; x_wconf 85' lang='lat' dir='ltr'>creatura</span> <span class='ocrx_word' id='word_1_20' title='bbox 1572 350 1636 389; x_wconf 89' lang='lat' dir='ltr'>est</span> <span class='ocrx_word' id='word_1_21' title='bbox 1656 347 1787 390; x_wconf 87' lang='lat' dir='ltr'>Filius</span> 
     </span>
     <span class='ocr_line' id='line_1_4' title="bbox 358 417 1781 474; baseline -0.001 -12"><span class='ocrx_word' id='word_1_22' title='bbox 358 420 528 474; x_wconf 89' lang='lat' dir='ltr'>genitus</span> <span class='ocrx_word' id='word_1_23' title='bbox 551 451 562 474; x_wconf 96' lang='lat'>,</span> <span class='ocrx_word' id='word_1_24' title='bbox 602 419 678 462; x_wconf 90' lang='lat' dir='ltr'>sed</span> <span class='ocrx_word' id='word_1_25' title='bbox 710 434 736 462; x_wconf 85' lang='lat' dir='ltr'>a</span> <span class='ocrx_word' id='word_1_26' title='bbox 765 425 912 462; x_wconf 79' lang='lat' dir='ltr'>natura</span> <span class='ocrx_word' id='word_1_27' title='bbox 947 420 1087 461; x_wconf 78' lang='lat' dir='ltr'>Patris</span> <span class='ocrx_word' id='word_1_28' title='bbox 1125 418 1356 462; x_wconf 87' lang='lat' dir='ltr'>indiscreta</span> <span class='ocrx_word' id='word_1_29' title='bbox 1394 417 1628 461; x_wconf 87' lang='lat' dir='ltr'>substantia</span> <span class='ocrx_word' id='word_1_30' title='bbox 1661 423 1738 462; x_wconf 89' lang='lat' dir='ltr'>est.</span> <span class='ocrx_word' id='word_1_31' title='bbox 1765 439 1781 455; x_wconf 73' lang='lat' dir='ltr'>n</span> 
     </span>
     <span class='ocr_line' id='line_1_5' title="bbox 358 492 630 545; baseline 0 -12"><span class='ocrx_word' id='word_1_32' title='bbox 358 492 409 533; x_wconf 82' lang='lat' dir='ltr'>de</span> <span class='ocrx_word' id='word_1_33' title='bbox 436 493 533 545; x_wconf 75' lang='lat' dir='ltr'>Syn.</span> <span class='ocrx_word' id='word_1_34' title='bbox 558 492 630 534; x_wconf 79' lang='lat'>27.</span> 
     </span>
    </p>

    <p class='ocr_par' dir='ltr' id='par_1_3' title="bbox 353 560 1788 1770">
     <span class='ocr_line' id='line_1_6' title="bbox 448 560 1788 618; baseline -0.002 -13"><span class='ocrx_word' id='word_1_35' title='bbox 448 562 569 606; x_wconf 86' lang='lat' dir='ltr'><strong>Idem</strong></span> <span class='ocrx_word' id='word_1_36' title='bbox 587 562 826 618; x_wconf 87' lang='lat' dir='ltr'>probatur,</span> <span class='ocrx_word' id='word_1_37' title='bbox 861 563 905 604; x_wconf 91' lang='lat' dir='ltr'>ni</span> <span class='ocrx_word' id='word_1_38' title='bbox 927 562 1079 617; x_wconf 85' lang='lat' dir='ltr'>fallor,</span> <span class='ocrx_word' id='word_1_39' title='bbox 1106 574 1157 604; x_wconf 82' lang='lat' dir='ltr'>ex</span> <span class='ocrx_word' id='word_1_40' title='bbox 1177 562 1228 604; x_wconf 89' lang='lat' dir='ltr'>iis</span> <span class='ocrx_word' id='word_1_41' title='bbox 1244 561 1348 617; x_wconf 90' lang='lat' dir='ltr'>ipsis</span> <span class='ocrx_word' id='word_1_42' title='bbox 1368 560 1484 616; x_wconf 87' lang='lat' dir='ltr'>apud</span> <span class='ocrx_word' id='word_1_43' title='bbox 1502 560 1788 616; x_wconf 86' lang='lat' dir='ltr'>Epiphanium</span> 
     </span>
     <span class='ocr_line' id='line_1_7' title="bbox 357 632 1784 690; baseline -0.003 -13"><span class='ocrx_word' id='word_1_44' title='bbox 357 635 526 690; x_wconf 87' lang='lat' dir='ltr'>scriptis</span> <span class='ocrx_word' id='word_1_45' title='bbox 565 634 969 689; x_wconf 86' lang='lat' dir='ltr'>Semi-arianorum,</span> <span class='ocrx_word' id='word_1_46' title='bbox 1013 634 1171 689; x_wconf 92' lang='lat' dir='ltr'>quibus</span> <span class='ocrx_word' id='word_1_47' title='bbox 1205 637 1348 676; x_wconf 91' lang='lat' dir='ltr'>motus</span> <span class='ocrx_word' id='word_1_48' title='bbox 1381 632 1517 675; x_wconf 91' lang='lat' dir='ltr'>credit</span> <span class='ocrx_word' id='word_1_49' title='bbox 1553 633 1753 674; x_wconf 85' lang='lat' dir='ltr'>Petavius</span> <span class='ocrx_word' id='word_1_50' title='bbox 1771 664 1784 685; x_wconf 93' lang='lat'>‚</span> 
     </span>
     <span class='ocr_line' id='line_1_8' title="bbox 356 702 1787 759; baseline -0.003 -11"><span class='ocrx_word' id='word_1_51' title='bbox 356 707 452 749; x_wconf 88' lang='lat' dir='ltr'>illos</span> <span class='ocrx_word' id='word_1_52' title='bbox 482 707 717 748; x_wconf 87' lang='lat' dir='ltr'>haereticos</span> <span class='ocrx_word' id='word_1_53' title='bbox 753 718 834 747; x_wconf 85' lang='lat' dir='ltr'>«ex</span> <span class='ocrx_word' id='word_1_54' title='bbox 855 710 943 747; x_wconf 80' lang='lat' dir='ltr'>usia</span> <span class='ocrx_word' id='word_1_55' title='bbox 965 706 1139 748; x_wconf 89' lang='lat' dir='ltr'>Patris»</span> <span class='ocrx_word' id='word_1_56' title='bbox 1175 705 1283 747; x_wconf 89' lang='lat' dir='ltr'>Filio</span> <span class='ocrx_word' id='word_1_57' title='bbox 1316 703 1559 759; x_wconf 82' lang='lat' dir='ltr'>denegasse.</span> <span class='ocrx_word' id='word_1_58' title='bbox 1582 702 1787 745; x_wconf 88' lang='lat' dir='ltr'>Subtilius</span> 
     </span>
     <span class='ocr_line' id='line_1_9' title="bbox 355 774 1786 832; baseline -0.003 -12"><span class='ocrx_word' id='word_1_59' title='bbox 355 779 576 832; x_wconf 85' lang='lat' dir='ltr'>aliquanto</span> <span class='ocrx_word' id='word_1_60' title='bbox 597 777 801 832; x_wconf 86' lang='lat' dir='ltr'>disputat,</span> <span class='ocrx_word' id='word_1_61' title='bbox 823 778 1126 819; x_wconf 88' lang='lat' dir='ltr'>Semi-arianos</span> <span class='ocrx_word' id='word_1_62' title='bbox 1142 776 1363 819; x_wconf 86' lang='lat' dir='ltr'>tradidisse</span> <span class='ocrx_word' id='word_1_63' title='bbox 1381 776 1569 830; x_wconf 85' lang='lat' dir='ltr'>argutias</span> <span class='ocrx_word' id='word_1_64' title='bbox 1583 774 1786 829; x_wconf 85' lang='lat' dir='ltr'>quasdam</span> 
     </span>
     <span class='ocr_line' id='line_1_10' title="bbox 356 846 1783 902; baseline -0.002 -11"><span class='ocrx_word' id='word_1_65' title='bbox 356 849 409 891; x_wconf 91' lang='lat' dir='ltr'>de</span> <span class='ocrx_word' id='word_1_66' title='bbox 435 849 610 891; x_wconf 84' lang='lat' dir='ltr'>diversis</span> <span class='ocrx_word' id='word_1_67' title='bbox 630 880 641 902; x_wconf 92' lang='lat'>,</span> <span class='ocrx_word' id='word_1_68' title='bbox 663 853 712 891; x_wconf 90' lang='lat' dir='ltr'>ut</span> <span class='ocrx_word' id='word_1_69' title='bbox 734 849 1038 902; x_wconf 85' lang='lat' dir='ltr'><strong>autumabant,</strong></span> <span class='ocrx_word' id='word_1_70' title='bbox 1062 848 1301 891; x_wconf 83' lang='lat' dir='ltr'>actionibus</span> <span class='ocrx_word' id='word_1_71' title='bbox 1326 850 1576 901; x_wconf 67' lang='grc' dir='ltr'>(ἐνεργείαις)</span> <span class='ocrx_word' id='word_1_72' title='bbox 1600 846 1755 889; x_wconf 88' lang='lat' dir='ltr'>divinis</span> <span class='ocrx_word' id='word_1_73' title='bbox 1771 877 1783 899; x_wconf 96' lang='lat'>,</span> 
     </span>
     <span class='ocr_line' id='line_1_11' title="bbox 355 919 1783 976; baseline -0.003 -12"><span class='ocrx_word' id='word_1_74' title='bbox 355 933 541 976; x_wconf 88' lang='lat' dir='ltr'>quorum</span> <span class='ocrx_word' id='word_1_75' title='bbox 562 933 647 963; x_wconf 90' lang='lat' dir='ltr'>una</span> <span class='ocrx_word' id='word_1_76' title='bbox 667 925 776 963; x_wconf 90' lang='lat' dir='ltr'>esset</span> <span class='ocrx_word' id='word_1_77' title='bbox 800 922 912 964; x_wconf 89' lang='lat' dir='ltr'>actio</span> <span class='ocrx_word' id='word_1_78' title='bbox 938 928 1124 973; x_wconf 63' lang='grc' dir='ltr'><strong>γεννητικὰ</strong></span> <span class='ocrx_word' id='word_1_79' title='bbox 1147 933 1220 963; x_wconf 90' lang='lat' dir='ltr'>seu</span> <span class='ocrx_word' id='word_1_80' title='bbox 1239 921 1499 974; x_wconf 83' lang='lat' dir='ltr'>generativa,</span> <span class='ocrx_word' id='word_1_81' title='bbox 1519 919 1598 961; x_wconf 85' lang='lat' dir='ltr'>alia</span> <span class='ocrx_word' id='word_1_82' title='bbox 1618 925 1783 960; x_wconf 76' lang='grc' dir='ltr'>κτιστικὴ</span> 
     </span>
     <span class='ocr_line' id='line_1_12' title="bbox 355 989 1787 1048; baseline -0.002 -13"><span class='ocrx_word' id='word_1_83' title='bbox 355 1006 430 1035; x_wconf 88' lang='lat' dir='ltr'>seu</span> <span class='ocrx_word' id='word_1_84' title='bbox 451 993 629 1035; x_wconf 82' lang='lat' dir='ltr'>creatrix</span> <span class='ocrx_word' id='word_1_85' title='bbox 649 1006 661 1046; x_wconf 82' lang='lat'><em>3</em></span> <span class='ocrx_word' id='word_1_86' title='bbox 694 991 809 1035; x_wconf 91' lang='lat' dir='ltr'>unde</span> <span class='ocrx_word' id='word_1_87' title='bbox 833 993 1089 1048; x_wconf 84' lang='lat' dir='ltr'>colligerunt</span> <span class='ocrx_word' id='word_1_88' title='bbox 1107 992 1262 1035; x_wconf 85' lang='lat' dir='ltr'>Filium</span> <span class='ocrx_word' id='word_1_89' title='bbox 1280 1003 1385 1046; x_wconf 87' lang='lat' dir='ltr'>esse,</span> <span class='ocrx_word' id='word_1_90' title='bbox 1404 1003 1492 1033; x_wconf 89' lang='lat' dir='ltr'>non</span> <span class='ocrx_word' id='word_1_91' title='bbox 1511 1003 1562 1033; x_wconf 84' lang='lat' dir='ltr'>ex</span> <span class='ocrx_word' id='word_1_92' title='bbox 1576 994 1684 1042; x_wconf 75' lang='lat' dir='ltr'>usia,</span> <span class='ocrx_word' id='word_1_93' title='bbox 1711 989 1787 1032; x_wconf 90' lang='lat' dir='ltr'>sed</span> 
     </span>
     <span class='ocr_line' id='line_1_13' title="bbox 357 1062 1786 1120; baseline -0.002 -14"><span class='ocrx_word' id='word_1_94' title='bbox 357 1077 433 1120; x_wconf 91' lang='lat' dir='ltr'>per</span> <span class='ocrx_word' id='word_1_95' title='bbox 464 1065 676 1106; x_wconf 83' lang='lat' dir='ltr'>actionem</span> <span class='ocrx_word' id='word_1_96' title='bbox 706 1065 822 1107; x_wconf 90' lang='lat' dir='ltr'>illam</span> <span class='ocrx_word' id='word_1_97' title='bbox 855 1066 1144 1120; x_wconf 86' lang='lat' dir='ltr'>generativam</span> <span class='ocrx_word' id='word_1_98' title='bbox 1164 1096 1176 1119; x_wconf 93' lang='lat'>‚</span> <span class='ocrx_word' id='word_1_99' title='bbox 1210 1068 1243 1110; x_wconf 82' lang='grc' dir='ltr'>ἐξ</span> <span class='ocrx_word' id='word_1_100' title='bbox 1278 1064 1488 1117; x_wconf 68' lang='grc' dir='ltr'>ὁμοιότητος</span> <span class='ocrx_word' id='word_1_101' title='bbox 1511 1094 1522 1116; x_wconf 87' lang='grc'>,</span> <span class='ocrx_word' id='word_1_102' title='bbox 1556 1075 1607 1104; x_wconf 83' lang='lat' dir='ltr'>ex</span> <span class='ocrx_word' id='word_1_103' title='bbox 1636 1062 1786 1104; x_wconf 91' lang='lat' dir='ltr'>simili-</span> 
     </span>
     <span class='ocr_line' id='line_1_14' title="bbox 354 1133 1783 1193; baseline -0.002 -15"><span class='ocrx_word' id='word_1_104' title='bbox 354 1135 502 1179; x_wconf 90' lang='lat' dir='ltr'>tudine</span> <span class='ocrx_word' id='word_1_105' title='bbox 531 1136 686 1179; x_wconf 88' lang='lat' dir='ltr'>Patris.</span> <span class='ocrx_word' id='word_1_106' title='bbox 721 1137 778 1179; x_wconf 88' lang='lat' dir='ltr'>At</span> <span class='ocrx_word' id='word_1_107' title='bbox 808 1142 923 1180; x_wconf 84' lang='lat' dir='ltr'>certe</span> <span class='ocrx_word' id='word_1_108' title='bbox 958 1150 1006 1180; x_wconf 87' lang='lat' dir='ltr'>ea</span> <span class='ocrx_word' id='word_1_109' title='bbox 1040 1149 1151 1192; x_wconf 89' lang='lat' dir='ltr'>quae</span> <span class='ocrx_word' id='word_1_110' title='bbox 1189 1137 1317 1193; x_wconf 87' lang='lat' dir='ltr'>plane</span> <span class='ocrx_word' id='word_1_111' title='bbox 1355 1135 1612 1179; x_wconf 87' lang='lat' dir='ltr'>confitentur</span> <span class='ocrx_word' id='word_1_112' title='bbox 1648 1133 1783 1176; x_wconf 89' lang='lat' dir='ltr'>Semi-</span> 
     </span>
     <span class='ocr_line' id='line_1_15' title="bbox 355 1206 1787 1264; baseline -0.001 -15"><span class='ocrx_word' id='word_1_113' title='bbox 355 1208 488 1250; x_wconf 86' lang='lat' dir='ltr'>ariani</span> <span class='ocrx_word' id='word_1_114' title='bbox 518 1208 562 1250; x_wconf 92' lang='lat' dir='ltr'>in</span> <span class='ocrx_word' id='word_1_115' title='bbox 593 1207 673 1250; x_wconf 88' lang='lat' dir='ltr'>hac</span> <span class='ocrx_word' id='word_1_116' title='bbox 703 1209 978 1252; x_wconf 84' lang='lat' dir='ltr'>Confessione</span> <span class='ocrx_word' id='word_1_117' title='bbox 1008 1222 1086 1252; x_wconf 90' lang='lat' dir='ltr'>sua</span> <span class='ocrx_word' id='word_1_118' title='bbox 1115 1209 1213 1264; x_wconf 90' lang='lat' dir='ltr'>plus</span> <span class='ocrx_word' id='word_1_119' title='bbox 1233 1209 1374 1251; x_wconf 86' lang='lat' dir='ltr'>valent</span> <span class='ocrx_word' id='word_1_120' title='bbox 1404 1219 1535 1263; x_wconf 88' lang='lat' dir='ltr'>quam</span> <span class='ocrx_word' id='word_1_121' title='bbox 1551 1206 1645 1249; x_wconf 89' lang='lat' dir='ltr'>vult</span> <span class='ocrx_word' id='word_1_122' title='bbox 1664 1207 1787 1248; x_wconf 88' lang='lat' dir='ltr'>Peta-</span> 
     </span>
     <span class='ocr_line' id='line_1_16' title="bbox 353 1279 1783 1335; baseline -0.002 -16"><span class='ocrx_word' id='word_1_123' title='bbox 353 1279 472 1333; x_wconf 82' lang='lat' dir='ltr'>vius,</span> <span class='ocrx_word' id='word_1_124' title='bbox 511 1284 553 1322; x_wconf 92' lang='lat' dir='ltr'>et</span> <span class='ocrx_word' id='word_1_125' title='bbox 588 1298 604 1315; x_wconf 92' lang='lat'>«</span> <span class='ocrx_word' id='word_1_126' title='bbox 631 1292 682 1322; x_wconf 83' lang='lat' dir='ltr'>ex</span> <span class='ocrx_word' id='word_1_127' title='bbox 710 1283 799 1321; x_wconf 81' lang='lat' dir='ltr'>usia</span> <span class='ocrx_word' id='word_1_128' title='bbox 824 1300 840 1316; x_wconf 78' lang='grc' dir='ltr'><strong>υ</strong></span> <span class='ocrx_word' id='word_1_129' title='bbox 875 1293 964 1323; x_wconf 92' lang='lat' dir='ltr'>non</span> <span class='ocrx_word' id='word_1_130' title='bbox 994 1280 1177 1323; x_wconf 86' lang='lat' dir='ltr'>obscure</span> <span class='ocrx_word' id='word_1_131' title='bbox 1210 1279 1481 1335; x_wconf 81' lang='lat' dir='ltr'>significant3</span> <span class='ocrx_word' id='word_1_132' title='bbox 1517 1281 1593 1317; x_wconf 81' lang='grc' dir='ltr'><strong>υἱὸν</strong></span> <span class='ocrx_word' id='word_1_133' title='bbox 1628 1282 1750 1331; x_wconf 69' lang='grc' dir='ltr'>ὅμοιον</span> <span class='ocrx_word' id='word_1_134' title='bbox 1769 1309 1783 1332; x_wconf 84' lang='lat'>‚</span> 
     </span>
     <span class='ocr_line' id='line_1_17' title="bbox 356 1349 1785 1408; baseline -0.002 -17"><span class='ocrx_word' id='word_1_135' title='bbox 356 1349 530 1405; x_wconf 72' lang='lat' dir='ltr'>dicunt,</span> <span class='ocrx_word' id='word_1_136' title='bbox 567 1359 627 1391; x_wconf 82' lang='grc' dir='ltr'>καὶ</span> <span class='ocrx_word' id='word_1_137' title='bbox 659 1354 740 1392; x_wconf 76' lang='grc' dir='ltr'>κατ’</span> <span class='ocrx_word' id='word_1_138' title='bbox 775 1356 903 1395; x_wconf 82' lang='grc' dir='ltr'>οὐσίαν</span> <span class='ocrx_word' id='word_1_139' title='bbox 937 1356 973 1391; x_wconf 83' lang='grc' dir='ltr'>ἐκ</span> <span class='ocrx_word' id='word_1_140' title='bbox 1006 1361 1069 1392; x_wconf 82' lang='grc' dir='ltr'>τοῦ</span> <span class='ocrx_word' id='word_1_141' title='bbox 1103 1359 1236 1406; x_wconf 79' lang='grc' dir='ltr'><strong><em>πατρὸς</em></strong></span> <span class='ocrx_word' id='word_1_142' title='bbox 1268 1365 1314 1408; x_wconf 89' lang='lat' dir='ltr'>p.</span> <span class='ocrx_word' id='word_1_143' title='bbox 1341 1353 1444 1394; x_wconf 78' lang='lat'><strong>825.</strong></span> <span class='ocrx_word' id='word_1_144' title='bbox 1468 1351 1515 1393; x_wconf 87' lang='lat' dir='ltr'>b.</span> <span class='ocrx_word' id='word_1_145' title='bbox 1546 1356 1592 1396; x_wconf 85' lang='grc' dir='ltr'>ὡς</span> <span class='ocrx_word' id='word_1_146' title='bbox 1623 1356 1642 1394; x_wconf 81' lang='grc' dir='ltr'>ἡ</span> <span class='ocrx_word' id='word_1_147' title='bbox 1677 1357 1785 1402; x_wconf 79' lang='grc' dir='ltr'>σοφία</span> 
     </span>
     <span class='ocr_line' id='line_1_18' title="bbox 355 1425 1781 1480; baseline -0.001 -18"><span class='ocrx_word' id='word_1_148' title='bbox 355 1431 421 1462; x_wconf 78' lang='grc' dir='ltr'>τοῦ</span> <span class='ocrx_word' id='word_1_149' title='bbox 455 1433 569 1476; x_wconf 80' lang='grc' dir='ltr'>σοφοῦ</span> <span class='ocrx_word' id='word_1_150' title='bbox 600 1427 700 1478; x_wconf 74' lang='grc' dir='ltr'><strong>υἱὸς,</strong></span> <span class='ocrx_word' id='word_1_151' title='bbox 735 1428 847 1465; x_wconf 80' lang='grc' dir='ltr'>οὐσία</span> <span class='ocrx_word' id='word_1_152' title='bbox 888 1429 1016 1468; x_wconf 77' lang='grc' dir='ltr'><strong>οὐσίας</strong></span> <span class='ocrx_word' id='word_1_153' title='bbox 1037 1456 1050 1479; x_wconf 81' lang='lat'>‚</span> <span class='ocrx_word' id='word_1_154' title='bbox 1084 1437 1130 1480; x_wconf 82' lang='lat' dir='ltr'>p.</span> <span class='ocrx_word' id='word_1_155' title='bbox 1156 1426 1259 1467; x_wconf 86' lang='lat'>853.</span> <span class='ocrx_word' id='word_1_156' title='bbox 1294 1437 1334 1466; x_wconf 84' lang='lat' dir='ltr'>c.</span> <span class='ocrx_word' id='word_1_157' title='bbox 1357 1425 1438 1463; x_wconf 76' lang='grc' dir='ltr'>κατ’</span> <span class='ocrx_word' id='word_1_158' title='bbox 1469 1426 1599 1462; x_wconf 75' lang='grc' dir='ltr'>οὐσίαν</span> <span class='ocrx_word' id='word_1_159' title='bbox 1622 1426 1696 1461; x_wconf 77' lang='grc' dir='ltr'>υἱὸν</span> <span class='ocrx_word' id='word_1_160' title='bbox 1715 1430 1781 1462; x_wconf 82' lang='grc' dir='ltr'>τοῦ</span> 
     </span>
     <span class='ocr_line' id='line_1_19' title="bbox 354 1499 1785 1554; baseline 0.002 -23"><span class='ocrx_word' id='word_1_161' title='bbox 354 1504 449 1535; x_wconf 62' lang='grc' dir='ltr'><strong>(θεοῦ</strong></span> <span class='ocrx_word' id='word_1_162' title='bbox 472 1503 531 1535; x_wconf 77' lang='grc' dir='ltr'>καὶ</span> <span class='ocrx_word' id='word_1_163' title='bbox 554 1506 704 1552; x_wconf 78' lang='grc' dir='ltr'><strong>πατρὸς.</strong></span> <span class='ocrx_word' id='word_1_164' title='bbox 735 1512 782 1554; x_wconf 86' lang='lat' dir='ltr'>p.</span> <span class='ocrx_word' id='word_1_165' title='bbox 810 1499 912 1540; x_wconf 77' lang='grc'><strong>854.</strong></span> <span class='ocrx_word' id='word_1_166' title='bbox 940 1510 979 1540; x_wconf 82' lang='lat' dir='ltr'>e.</span> <span class='ocrx_word' id='word_1_167' title='bbox 1005 1499 1153 1550; x_wconf 68' lang='grc' dir='ltr'><strong>ἐξουσίᾳ</strong></span> <span class='ocrx_word' id='word_1_168' title='bbox 1176 1501 1264 1551; x_wconf 78' lang='grc' dir='ltr'><strong>ὁμοῦ</strong></span> <span class='ocrx_word' id='word_1_169' title='bbox 1287 1503 1346 1535; x_wconf 75' lang='grc' dir='ltr'>καὶ</span> <span class='ocrx_word' id='word_1_170' title='bbox 1370 1499 1478 1548; x_wconf 79' lang='grc' dir='ltr'>οὐσίᾳ</span> <span class='ocrx_word' id='word_1_171' title='bbox 1501 1502 1639 1548; x_wconf 80' lang='grc' dir='ltr'><strong><em>πατρὸς</em></strong></span> <span class='ocrx_word' id='word_1_172' title='bbox 1670 1512 1785 1548; x_wconf 82' lang='grc' dir='ltr'>μονο-</span> 
     </span>
     <span class='ocr_line' id='line_1_20' title="bbox 355 1568 1780 1626; baseline 0.001 -20"><span class='ocrx_word' id='word_1_173' title='bbox 355 1578 484 1621; x_wconf 61' lang='grc' dir='ltr'>γενοῦς</span> <span class='ocrx_word' id='word_1_174' title='bbox 507 1573 599 1609; x_wconf 77' lang='grc' dir='ltr'><strong>υἱοῦ.</strong></span> <span class='ocrx_word' id='word_1_175' title='bbox 622 1583 668 1626; x_wconf 91' lang='lat' dir='ltr'>p.</span> <span class='ocrx_word' id='word_1_176' title='bbox 697 1571 799 1613; x_wconf 87' lang='lat'>858.</span> <span class='ocrx_word' id='word_1_177' title='bbox 835 1569 879 1612; x_wconf 92' lang='lat' dir='ltr'>d.</span> <span class='ocrx_word' id='word_1_178' title='bbox 906 1569 1005 1612; x_wconf 89' lang='lat' dir='ltr'>Vid.</span> <span class='ocrx_word' id='word_1_179' title='bbox 1033 1581 1209 1625; x_wconf 90' lang='lat' dir='ltr'>quoque</span> <span class='ocrx_word' id='word_1_180' title='bbox 1229 1568 1488 1611; x_wconf 86' lang='lat' dir='ltr'>vocabulum</span> <span class='ocrx_word' id='word_1_181' title='bbox 1510 1575 1658 1620; x_wconf 74' lang='grc' dir='ltr'>γνήσιος</span> <span class='ocrx_word' id='word_1_182' title='bbox 1679 1569 1780 1610; x_wconf 79' lang='lat' dir='ltr'>ibid.</span> 
     </span>
     <span class='ocr_line' id='line_1_21' title="bbox 353 1640 1783 1697; baseline -0.002 -12"><span class='ocrx_word' id='word_1_183' title='bbox 353 1647 395 1685; x_wconf 89' lang='lat' dir='ltr'>et</span> <span class='ocrx_word' id='word_1_184' title='bbox 418 1643 574 1685; x_wconf 86' lang='lat' dir='ltr'>Athan.</span> <span class='ocrx_word' id='word_1_185' title='bbox 608 1644 658 1684; x_wconf 82' lang='lat' dir='ltr'>de</span> <span class='ocrx_word' id='word_1_186' title='bbox 686 1643 836 1696; x_wconf 77' lang='lat' dir='ltr'>Synod.</span> <span class='ocrx_word' id='word_1_187' title='bbox 871 1642 975 1695; x_wconf 57' lang='lat'>41„</span> <span class='ocrx_word' id='word_1_188' title='bbox 1008 1645 1058 1684; x_wconf 93' lang='lat' dir='ltr'>ut</span> <span class='ocrx_word' id='word_1_189' title='bbox 1089 1641 1170 1684; x_wconf 86' lang='lat' dir='ltr'>alia</span> <span class='ocrx_word' id='word_1_190' title='bbox 1189 1672 1201 1695; x_wconf 91' lang='lat'>,</span> <span class='ocrx_word' id='word_1_191' title='bbox 1235 1653 1343 1697; x_wconf 90' lang='lat' dir='ltr'>quae</span> <span class='ocrx_word' id='word_1_192' title='bbox 1374 1640 1504 1683; x_wconf 90' lang='lat' dir='ltr'>iidem</span> <span class='ocrx_word' id='word_1_193' title='bbox 1525 1640 1751 1697; x_wconf 87' lang='lat' dir='ltr'>proferunt</span> <span class='ocrx_word' id='word_1_194' title='bbox 1771 1673 1783 1695; x_wconf 95' lang='lat'>,</span> 
     </span>
     <span class='ocr_line' id='line_1_22' title="bbox 355 1719 688 1770; baseline 0 -13"><span class='ocrx_word' id='word_1_195' title='bbox 355 1719 688 1770; x_wconf 85' lang='lat' dir='ltr'>praetereamus.</span> 
     </span>
    </p>

    <p class='ocr_par' dir='ltr' id='par_1_4' title="bbox 351 1784 1788 2846">
     <span class='ocr_line' id='line_1_23' title="bbox 444 1784 1786 1841; baseline -0.002 -12"><span class='ocrx_word' id='word_1_196' title='bbox 444 1786 572 1839; x_wconf 87' lang='lat' dir='ltr'>Quod</span> <span class='ocrx_word' id='word_1_197' title='bbox 594 1785 768 1841; x_wconf 88' lang='lat' dir='ltr'>quidem</span> <span class='ocrx_word' id='word_1_198' title='bbox 791 1798 841 1828; x_wconf 86' lang='lat' dir='ltr'>ex</span> <span class='ocrx_word' id='word_1_199' title='bbox 862 1784 1096 1828; x_wconf 88' lang='lat' dir='ltr'>collatione</span> <span class='ocrx_word' id='word_1_200' title='bbox 1127 1785 1201 1827; x_wconf 90' lang='lat' dir='ltr'>illa</span> <span class='ocrx_word' id='word_1_201' title='bbox 1226 1796 1402 1840; x_wconf 81' lang='lat' dir='ltr'>quoque</span> <span class='ocrx_word' id='word_1_202' title='bbox 1433 1784 1660 1840; x_wconf 86' lang='lat' dir='ltr'>colligetur</span> <span class='ocrx_word' id='word_1_203' title='bbox 1675 1816 1687 1838; x_wconf 97' lang='lat'>,</span> <span class='ocrx_word' id='word_1_204' title='bbox 1718 1784 1786 1826; x_wconf 90' lang='lat' dir='ltr'>in-</span> 
     </span>
     <span class='ocr_line' id='line_1_24' title="bbox 352 1856 1787 1911; baseline -0.001 -11"><span class='ocrx_word' id='word_1_205' title='bbox 352 1861 419 1901; x_wconf 89' lang='lat' dir='ltr'>ter</span> <span class='ocrx_word' id='word_1_206' title='bbox 447 1858 746 1900; x_wconf 86' lang='lat' dir='ltr'>Semi-arianos</span> <span class='ocrx_word' id='word_1_207' title='bbox 768 1862 810 1900; x_wconf 91' lang='lat' dir='ltr'>et</span> <span class='ocrx_word' id='word_1_208' title='bbox 828 1859 1095 1910; x_wconf 89' lang='lat' dir='ltr'>Anomoeos,</span> <span class='ocrx_word' id='word_1_209' title='bbox 1121 1856 1492 1911; x_wconf 84' lang='lat' dir='ltr'>Constantinopoli</span> <span class='ocrx_word' id='word_1_210' title='bbox 1510 1868 1655 1899; x_wconf 90' lang='lat' dir='ltr'>coram</span> <span class='ocrx_word' id='word_1_211' title='bbox 1676 1856 1787 1898; x_wconf 91' lang='lat' dir='ltr'>Con-</span> 
     </span>
     <span class='ocr_line' id='line_1_25' title="bbox 354 1927 1785 1984; baseline -0.001 -12"><span class='ocrx_word' id='word_1_212' title='bbox 354 1930 512 1972; x_wconf 86' lang='lat' dir='ltr'>stantio</span> <span class='ocrx_word' id='word_1_213' title='bbox 534 1931 714 1972; x_wconf 84' lang='lat' dir='ltr'>an.360.</span> <span class='ocrx_word' id='word_1_214' title='bbox 733 1929 876 1972; x_wconf 89' lang='lat' dir='ltr'>habita</span> <span class='ocrx_word' id='word_1_215' title='bbox 891 1962 903 1984; x_wconf 88' lang='lat'>,</span> <span class='ocrx_word' id='word_1_216' title='bbox 925 1941 1023 1971; x_wconf 91' lang='lat' dir='ltr'>cum</span> <span class='ocrx_word' id='word_1_217' title='bbox 1040 1927 1315 1970; x_wconf 88' lang='lat' dir='ltr'>Semi-ariani</span> <span class='ocrx_word' id='word_1_218' title='bbox 1331 1958 1343 1981; x_wconf 94' lang='lat'>‚</span> <span class='ocrx_word' id='word_1_219' title='bbox 1368 1931 1477 1970; x_wconf 86' lang='lat' dir='ltr'>teste</span> <span class='ocrx_word' id='word_1_220' title='bbox 1493 1927 1785 1981; x_wconf 88' lang='lat' dir='ltr'>Theodoret0‚</span> 
     </span>
     <span class='ocr_line' id='line_1_26' title="bbox 354 1999 1786 2056; baseline -0.002 -12"><span class='ocrx_word' id='word_1_221' title='bbox 354 2013 445 2043; x_wconf 89' lang='lat' dir='ltr'>non</span> <span class='ocrx_word' id='word_1_222' title='bbox 475 2006 648 2056; x_wconf 83' lang='lat' dir='ltr'>gravate</span> <span class='ocrx_word' id='word_1_223' title='bbox 679 2001 861 2044; x_wconf 84' lang='lat' dir='ltr'>confessi</span> <span class='ocrx_word' id='word_1_224' title='bbox 885 2005 983 2043; x_wconf 87' lang='lat' dir='ltr'>sunt</span> <span class='ocrx_word' id='word_1_225' title='bbox 1005 2001 1135 2043; x_wconf 89' lang='lat' dir='ltr'>etiam</span> <span class='ocrx_word' id='word_1_226' title='bbox 1159 2018 1175 2036; x_wconf 74' lang='lat' dir='ltr'>c«</span> <span class='ocrx_word' id='word_1_227' title='bbox 1195 2000 1424 2042; x_wconf 62' lang='lat' dir='ltr'>homousion</span> <span class='ocrx_word' id='word_1_228' title='bbox 1448 2019 1463 2036; x_wconf 73' lang='grc' dir='ltr'><strong>υ</strong></span> <span class='ocrx_word' id='word_1_229' title='bbox 1499 1999 1607 2043; x_wconf 88' lang='lat' dir='ltr'>illud</span> <span class='ocrx_word' id='word_1_230' title='bbox 1627 1999 1786 2043; x_wconf 86' lang='lat' dir='ltr'>Catho-</span> 
     </span>
     <span class='ocr_line' id='line_1_27' title="bbox 352 2070 1787 2128; baseline -0.001 -14"><span class='ocrx_word' id='word_1_231' title='bbox 352 2072 534 2115; x_wconf 90' lang='lat' dir='ltr'>licorum</span> <span class='ocrx_word' id='word_1_232' title='bbox 551 2105 563 2127; x_wconf 93' lang='lat'>,</span> <span class='ocrx_word' id='word_1_233' title='bbox 595 2072 755 2116; x_wconf 89' lang='lat' dir='ltr'>idcirco</span> <span class='ocrx_word' id='word_1_234' title='bbox 777 2106 788 2128; x_wconf 92' lang='lat'>,</span> <span class='ocrx_word' id='word_1_235' title='bbox 824 2073 922 2128; x_wconf 87' lang='lat' dir='ltr'>quia</span> <span class='ocrx_word' id='word_1_236' title='bbox 948 2071 1035 2128; x_wconf 88' lang='lat' dir='ltr'>jam</span> <span class='ocrx_word' id='word_1_237' title='bbox 1056 2070 1360 2114; x_wconf 81' lang='lat' dir='ltr'>confiterentur</span> <span class='ocrx_word' id='word_1_238' title='bbox 1395 2090 1413 2107; x_wconf 76' lang='grc' dir='ltr'>«ι</span> <span class='ocrx_word' id='word_1_239' title='bbox 1432 2083 1482 2113; x_wconf 88' lang='lat' dir='ltr'>ex</span> <span class='ocrx_word' id='word_1_240' title='bbox 1502 2075 1605 2112; x_wconf 81' lang='lat' dir='ltr'>usia.</span> <span class='ocrx_word' id='word_1_241' title='bbox 1635 2090 1650 2107; x_wconf 73' lang='lat' dir='ltr'>n</span> <span class='ocrx_word' id='word_1_242' title='bbox 1680 2071 1787 2114; x_wconf 90' lang='lat' dir='ltr'>Cum</span> 
     </span>
     <span class='ocr_line' id='line_1_28' title="bbox 355 2142 1788 2197; baseline -0.001 -12"><span class='ocrx_word' id='word_1_243' title='bbox 355 2145 468 2186; x_wconf 89' lang='lat' dir='ltr'>enim</span> <span class='ocrx_word' id='word_1_244' title='bbox 496 2146 710 2187; x_wconf 87' lang='lat' dir='ltr'>Anomoei</span> <span class='ocrx_word' id='word_1_245' title='bbox 740 2146 968 2186; x_wconf 62' lang='lat' dir='ltr'>homousion</span> <span class='ocrx_word' id='word_1_246' title='bbox 1003 2143 1332 2186; x_wconf 86' lang='lat' dir='ltr'>condemnatum</span> <span class='ocrx_word' id='word_1_247' title='bbox 1369 2142 1526 2185; x_wconf 86' lang='lat' dir='ltr'>vellent</span> <span class='ocrx_word' id='word_1_248' title='bbox 1541 2173 1554 2197; x_wconf 94' lang='lat'>,</span> <span class='ocrx_word' id='word_1_249' title='bbox 1597 2143 1788 2184; x_wconf 80' lang='lat' dir='ltr'>Silvanus</span> 
     </span>
     <span class='ocr_line' id='line_1_29' title="bbox 354 2213 1787 2270; baseline -0.002 -12"><span class='ocrx_word' id='word_1_250' title='bbox 354 2216 530 2269; x_wconf 90' lang='lat' dir='ltr'>Tarsus,</span> <span class='ocrx_word' id='word_1_251' title='bbox 564 2216 943 2258; x_wconf 87' lang='lat' dir='ltr'>Semi-arianorum</span> <span class='ocrx_word' id='word_1_252' title='bbox 972 2215 1040 2258; x_wconf 88' lang='lat' dir='ltr'>vir</span> <span class='ocrx_word' id='word_1_253' title='bbox 1069 2215 1296 2270; x_wconf 86' lang='lat' dir='ltr'>primarius</span> <span class='ocrx_word' id='word_1_254' title='bbox 1311 2244 1324 2267; x_wconf 91' lang='lat'>,</span> <span class='ocrx_word' id='word_1_255' title='bbox 1363 2213 1434 2255; x_wconf 84' lang='lat' dir='ltr'>«Si</span> <span class='ocrx_word' id='word_1_256' title='bbox 1460 2215 1575 2256; x_wconf 86' lang='lat' dir='ltr'>Deus</span> <span class='ocrx_word' id='word_1_257' title='bbox 1597 2213 1787 2256; x_wconf 88' lang='lat' dir='ltr'>Verbum</span> 
     </span>
     <span class='ocr_line' id='line_1_30' title="bbox 353 2286 1786 2342; baseline -0.002 -12"><span class='ocrx_word' id='word_1_258' title='bbox 353 2300 443 2330; x_wconf 88' lang='lat' dir='ltr'>non</span> <span class='ocrx_word' id='word_1_259' title='bbox 480 2292 545 2330; x_wconf 90' lang='lat' dir='ltr'>est</span> <span class='ocrx_word' id='word_1_260' title='bbox 579 2300 630 2330; x_wconf 86' lang='lat' dir='ltr'>ex</span> <span class='ocrx_word' id='word_1_261' title='bbox 663 2287 824 2341; x_wconf 83' lang='lat' dir='ltr'>nihilo,</span> <span class='ocrx_word' id='word_1_262' title='bbox 850 2307 866 2323; x_wconf 86' lang='lat'>»</span> <span class='ocrx_word' id='word_1_263' title='bbox 902 2286 1125 2342; x_wconf 86' lang='lat' dir='ltr'>respondit</span> <span class='ocrx_word' id='word_1_264' title='bbox 1139 2320 1151 2341; x_wconf 95' lang='lat'>,</span> <span class='ocrx_word' id='word_1_265' title='bbox 1173 2305 1189 2321; x_wconf 87' lang='lat'>«</span> <span class='ocrx_word' id='word_1_266' title='bbox 1209 2298 1350 2341; x_wconf 88' lang='lat' dir='ltr'>neque</span> <span class='ocrx_word' id='word_1_267' title='bbox 1381 2290 1570 2328; x_wconf 88' lang='lat' dir='ltr'>creatum</span> <span class='ocrx_word' id='word_1_268' title='bbox 1592 2316 1604 2339; x_wconf 93' lang='lat'>,</span> <span class='ocrx_word' id='word_1_269' title='bbox 1647 2297 1786 2340; x_wconf 83' lang='lat' dir='ltr'>neque</span> 
     </span>
     <span class='ocr_line' id='line_1_31' title="bbox 356 2357 1783 2414; baseline -0.001 -13"><span class='ocrx_word' id='word_1_270' title='bbox 356 2358 527 2402; x_wconf 72' lang='lat' dir='ltr'>alterius</span> <span class='ocrx_word' id='word_1_271' title='bbox 553 2364 688 2413; x_wconf 81' lang='lat' dir='ltr'>usiae,</span> <span class='ocrx_word' id='word_1_272' title='bbox 722 2361 945 2401; x_wconf 66' lang='lat' dir='ltr'>homousius</span> <span class='ocrx_word' id='word_1_273' title='bbox 967 2359 1100 2414; x_wconf 83' lang='lat' dir='ltr'>igitur</span> <span class='ocrx_word' id='word_1_274' title='bbox 1129 2362 1194 2401; x_wconf 90' lang='lat' dir='ltr'>est</span> <span class='ocrx_word' id='word_1_275' title='bbox 1219 2358 1312 2400; x_wconf 92' lang='lat' dir='ltr'>Deo</span> <span class='ocrx_word' id='word_1_276' title='bbox 1335 2358 1410 2413; x_wconf 88' lang='lat' dir='ltr'>qui</span> <span class='ocrx_word' id='word_1_277' title='bbox 1438 2357 1576 2413; x_wconf 87' lang='lat' dir='ltr'>ipsum</span> <span class='ocrx_word' id='word_1_278' title='bbox 1605 2357 1755 2411; x_wconf 85' lang='lat' dir='ltr'>genuit</span> <span class='ocrx_word' id='word_1_279' title='bbox 1770 2389 1783 2411; x_wconf 94' lang='lat'>,</span> 
     </span>
     <span class='ocr_line' id='line_1_32' title="bbox 352 2428 1786 2486; baseline -0.001 -14"><span class='ocrx_word' id='word_1_280' title='bbox 352 2435 507 2486; x_wconf 88' lang='lat' dir='ltr'>utpote</span> <span class='ocrx_word' id='word_1_281' title='bbox 524 2431 636 2474; x_wconf 90' lang='lat' dir='ltr'>Deus</span> <span class='ocrx_word' id='word_1_282' title='bbox 664 2444 715 2473; x_wconf 82' lang='lat' dir='ltr'>ex</span> <span class='ocrx_word' id='word_1_283' title='bbox 738 2433 830 2473; x_wconf 87' lang='lat' dir='ltr'>Deo</span> <span class='ocrx_word' id='word_1_284' title='bbox 845 2461 857 2484; x_wconf 90' lang='lat'>‚</span> <span class='ocrx_word' id='word_1_285' title='bbox 888 2435 932 2473; x_wconf 87' lang='lat' dir='ltr'>et</span> <span class='ocrx_word' id='word_1_286' title='bbox 954 2431 1098 2474; x_wconf 91' lang='lat' dir='ltr'>lumen</span> <span class='ocrx_word' id='word_1_287' title='bbox 1116 2443 1167 2473; x_wconf 84' lang='lat' dir='ltr'>ex</span> <span class='ocrx_word' id='word_1_288' title='bbox 1186 2430 1345 2472; x_wconf 90' lang='lat' dir='ltr'>lumine</span> <span class='ocrx_word' id='word_1_289' title='bbox 1360 2460 1373 2483; x_wconf 95' lang='lat'>,</span> <span class='ocrx_word' id='word_1_290' title='bbox 1405 2428 1668 2484; x_wconf 86' lang='lat' dir='ltr'>eandemque</span> <span class='ocrx_word' id='word_1_291' title='bbox 1687 2439 1786 2470; x_wconf 92' lang='lat' dir='ltr'>cum</span> 
     </span>
     <span class='ocr_line' id='line_1_33' title="bbox 353 2499 1787 2554; baseline -0.003 -9"><span class='ocrx_word' id='word_1_292' title='bbox 353 2502 558 2544; x_wconf 89' lang='lat' dir='ltr'>Genitore</span> <span class='ocrx_word' id='word_1_293' title='bbox 588 2507 782 2545; x_wconf 88' lang='lat' dir='ltr'>naturam</span> <span class='ocrx_word' id='word_1_294' title='bbox 805 2502 948 2545; x_wconf 89' lang='lat' dir='ltr'>habet.</span> <span class='ocrx_word' id='word_1_295' title='bbox 975 2521 992 2538; x_wconf 76' lang='grc' dir='ltr'>ι»</span> <span class='ocrx_word' id='word_1_296' title='bbox 1028 2502 1141 2545; x_wconf 84' lang='lat' dir='ltr'>Hist.</span> <span class='ocrx_word' id='word_1_297' title='bbox 1162 2514 1216 2554; x_wconf 91' lang='lat'>11,</span> <span class='ocrx_word' id='word_1_298' title='bbox 1239 2502 1312 2544; x_wconf 82' lang='lat'>23.</span> <span class='ocrx_word' id='word_1_299' title='bbox 1338 2500 1433 2554; x_wconf 89' lang='lat' dir='ltr'>Quo</span> <span class='ocrx_word' id='word_1_300' title='bbox 1452 2501 1499 2543; x_wconf 89' lang='lat' dir='ltr'>in</span> <span class='ocrx_word' id='word_1_301' title='bbox 1517 2500 1643 2554; x_wconf 90' lang='lat' dir='ltr'>loco,</span> <span class='ocrx_word' id='word_1_302' title='bbox 1673 2503 1724 2541; x_wconf 90' lang='lat' dir='ltr'>ut</span> <span class='ocrx_word' id='word_1_303' title='bbox 1742 2499 1787 2541; x_wconf 92' lang='lat' dir='ltr'>in</span> 
     </span>
     <span class='ocr_line' id='line_1_34' title="bbox 351 2570 1787 2628; baseline -0.002 -13"><span class='ocrx_word' id='word_1_304' title='bbox 351 2573 428 2615; x_wconf 92' lang='lat' dir='ltr'>illo</span> <span class='ocrx_word' id='word_1_305' title='bbox 454 2574 699 2628; x_wconf 85' lang='lat' dir='ltr'>Athanasii,</span> <span class='ocrx_word' id='word_1_306' title='bbox 732 2573 970 2616; x_wconf 90' lang='lat' dir='ltr'>notandum</span> <span class='ocrx_word' id='word_1_307' title='bbox 1001 2578 1090 2628; x_wconf 88' lang='lat' dir='ltr'>est,</span> <span class='ocrx_word' id='word_1_308' title='bbox 1123 2572 1465 2627; x_wconf 88' lang='lat' dir='ltr'>Theodoretum,</span> <span class='ocrx_word' id='word_1_309' title='bbox 1498 2583 1595 2618; x_wconf 85' lang='lat' dir='ltr'>cum</span> <span class='ocrx_word' id='word_1_310' title='bbox 1613 2570 1787 2613; x_wconf 80' lang='lat' dir='ltr'>videtur</span> 
     </span>
     <span class='ocr_line' id='line_1_35' title="bbox 352 2642 1783 2699; baseline -0.002 -13"><span class='ocrx_word' id='word_1_311' title='bbox 352 2644 494 2699; x_wconf 88' lang='lat' dir='ltr'>ipsum</span> <span class='ocrx_word' id='word_1_312' title='bbox 522 2645 810 2690; x_wconf 88' lang='lat' dir='ltr'>Nicaenorum</span> <span class='ocrx_word' id='word_1_313' title='bbox 839 2645 1250 2689; x_wconf 84' lang='lat' dir='ltr'>Anathematismum</span> <span class='ocrx_word' id='word_1_314' title='bbox 1279 2644 1410 2688; x_wconf 86' lang='lat' dir='ltr'>citare</span> <span class='ocrx_word' id='word_1_315' title='bbox 1425 2675 1437 2699; x_wconf 94' lang='lat'>,</span> <span class='ocrx_word' id='word_1_316' title='bbox 1477 2647 1622 2686; x_wconf 87' lang='lat' dir='ltr'>tamen</span> <span class='ocrx_word' id='word_1_317' title='bbox 1653 2642 1783 2684; x_wconf 87' lang='lat' dir='ltr'>omit-</span> 
     </span>
     <span class='ocr_line' id='line_1_36' title="bbox 351 2716 1783 2774; baseline 0.001 -18"><span class='ocrx_word' id='word_1_318' title='bbox 351 2719 441 2758; x_wconf 87' lang='lat' dir='ltr'>tere</span> <span class='ocrx_word' id='word_1_319' title='bbox 472 2716 606 2760; x_wconf 83' lang='lat' dir='ltr'>verha</span> <span class='ocrx_word' id='word_1_320' title='bbox 650 2736 666 2753; x_wconf 78' lang='lat'>‹-</span> <span class='ocrx_word' id='word_1_321' title='bbox 690 2731 742 2761; x_wconf 88' lang='lat' dir='ltr'>ex</span> <span class='ocrx_word' id='word_1_322' title='bbox 773 2717 853 2761; x_wconf 88' lang='lat' dir='ltr'>alia</span> <span class='ocrx_word' id='word_1_323' title='bbox 891 2719 1114 2772; x_wconf 73' lang='lat' dir='ltr'>hypostasi,</span> <span class='ocrx_word' id='word_1_324' title='bbox 1139 2736 1156 2754; x_wconf 73' lang='lat'>‚‚</span> <span class='ocrx_word' id='word_1_325' title='bbox 1192 2721 1394 2774; x_wconf 75' lang='lat' dir='ltr'>tanquam</span> <span class='ocrx_word' id='word_1_326' title='bbox 1441 2726 1754 2772; x_wconf 83' lang='lat' dir='ltr'>supervacanea</span> <span class='ocrx_word' id='word_1_327' title='bbox 1769 2743 1783 2769; x_wconf 89' lang='lat'>,</span> 
     </span>
     <span class='ocr_line' id='line_1_37' title="bbox 352 2787 1286 2846; baseline 0.003 -17"><span class='ocrx_word' id='word_1_328' title='bbox 352 2799 451 2830; x_wconf 90' lang='lat' dir='ltr'>cum</span> <span class='ocrx_word' id='word_1_329' title='bbox 487 2807 502 2823; x_wconf 73' lang='grc' dir='ltr'>α</span> <span class='ocrx_word' id='word_1_330' title='bbox 524 2801 575 2832; x_wconf 83' lang='lat' dir='ltr'>ex</span> <span class='ocrx_word' id='word_1_331' title='bbox 605 2789 687 2834; x_wconf 88' lang='lat' dir='ltr'>alia</span> <span class='ocrx_word' id='word_1_332' title='bbox 709 2794 817 2844; x_wconf 77' lang='lat' dir='ltr'>usia,</span> <span class='ocrx_word' id='word_1_333' title='bbox 844 2808 862 2827; x_wconf 65' lang='grc' dir='ltr'>ι»</span> <span class='ocrx_word' id='word_1_334' title='bbox 887 2787 976 2846; x_wconf 84' lang='lat' dir='ltr'>jam</span> <span class='ocrx_word' id='word_1_335' title='bbox 997 2792 1286 2834; x_wconf 84' lang='lat' dir='ltr'>memorasset.</span> 
     </span>
    </p>
   </div>
   <div class='ocr_carea' id='block_1_3' title="bbox 1875 2750 1950 3340">
    <p class='ocr_par' dir='ltr' id='par_1_5' title="bbox 1875 2750 1950 3340">
     <span class='ocr_line' id='line_1_38' title="bbox 1875 2750 1950 3340; baseline 0 0"><span class='ocrx_word' id='word_1_336' title='bbox 1875 2750 1950 3340; x_wconf 95' lang='lat' dir='ltr'> </span> 
     </span>
    </p>
   </div>
  </div>
 </body>
</html>
