1950 3340
983 236 1041 245 -
1072 215 1128 257 36
1159 237 1218 245 .-

477 298 749 355 Quapropter
780 297 833 341 ab
864 297 1017 341 codem
1052 298 1213 355 Cyrillo
1234 331 1245 352 ‚
1278 295 1324 339 in
1358 301 1513 353 quarto
1548 299 1815 345 anathemate

391 383 469 414 suo
489 402 502 426 ,
546 370 737 414 adhibita
775 375 838 413 est
883 383 968 413 vox
1017 371 1266 423 hypostasim
1306 373 1338 408 εἰ
1378 387 1433 414 τις
1465 378 1673 423 προσώποις
1711 375 1813 421 δυσὶ,

389 447 501 495 ἡγοῦ-ι
531 446 777 494 ὑποστάσεσι,
801 447 885 486 etc.
907 454 995 498 quo
1019 441 1125 497 quid
1145 442 1272 485 vellet
1290 443 1481 495 πρόσωπον
1506 445 1660 488 clarius
1680 446 1812 489 effer-

389 521 522 560 retur.
535 516 635 559 Vid.
652 527 827 572 quoquc
846 514 1107 570 diligentiam
1128 513 1339 556 Vincentii
1357 515 1594 559 Lerinensis
1608 517 1653 561 in
1670 517 1751 560 hac
1767 530 1814 560 re

392 590 541 631 Comm.
569 589 613 630 4.

481 661 534 713 (4)
566 657 746 701 Accedit
782 656 903 713 quod
933 656 1088 699 mirum
1122 661 1331 712 quantum
1369 657 1528 700 distant
1548 671 1595 701 ea
1617 671 1726 715 quae
1761 659 1815 702 de

390 732 668 787 antiquorum
701 729 826 772 dictis
855 732 1083 771 narrantur
1107 740 1130 770 a
1163 728 1443 784 scriptoribus
1471 730 1642 772 serioris
1685 731 1777 773 aevi
1800 761 1812 785 ,

391 803 446 846 ab
471 803 522 845 iis
547 802 651 858 ipsis
675 800 815 854 dictis,
839 800 875 843 si
905 799 1079 856 quando
1115 812 1215 842 casu
1234 803 1478 854 temporum
1507 801 1636 844 hodie
1659 801 1714 844 ad
1736 814 1817 844 nos

389 874 686 930 pervenerint;
716 873 788 915 hic
810 872 971 915 scilicet
990 873 1213 926 notiones,
1236 871 1370 927 justas
1391 873 1564 928 quidem
1580 904 1591 926 ,
1621 873 1697 916 sed
1721 873 1817 916 illas

390 945 529 988 nudas
564 945 825 1000 reperimus,
864 944 954 986 illic
996 944 1193 986 notiones
1229 943 1398 986 easdem
1428 946 1552 987 certis
1586 945 1817 987 verborum

390 1017 586 1060 formulis
615 1017 817 1069 vestitas3
858 1016 920 1058 ita
962 1020 1012 1058 ut
1055 1017 1147 1071 ipsa
1186 1016 1383 1058 locorum
1414 1017 1589 1059 collatio
1631 1017 1815 1060 demon-

391 1092 498 1131 stret
530 1088 622 1130 illas
651 1087 860 1130 formulas
888 1099 977 1130 non
1005 1087 1219 1142 pertinere
1239 1087 1295 1130 ad
1314 1091 1580 1130 vetustatem.
1606 1090 1656 1131 E.
1681 1100 1724 1143 g.
1748 1089 1815 1130 Ab

390 1160 646 1215 Ephraemio
683 1158 954 1201 Antiocheno
975 1159 1214 1213 accepimus
1244 1159 1419 1201 Petrum
1449 1159 1779 1201 Alexandrinum
1801 1190 1813 1213 ,

392 1233 770 1288 chrysostomum,
802 1231 1028 1284 Basilium,
1061 1231 1363 1273 Nazianzenum
1378 1261 1390 1284 ,
1423 1235 1466 1272 et
1495 1231 1600 1273 alios
1623 1230 1817 1273 docuisse

396 1323 413 1341 «ι
433 1303 613 1346 duarum
643 1308 889 1345 naturarum
911 1303 1134 1356 unionem,
1166 1314 1295 1344 unam
1315 1302 1588 1357 hypostasin,
1607 1314 1816 1357 unamque

389 1387 633 1431 personam.
664 1394 679 1410 »
717 1388 786 1428 ap.
812 1375 933 1415 Phot.
968 1373 1066 1415 cod.
1096 1374 1198 1415 229.
1231 1386 1278 1428 p.
1304 1375 1461 1416 805-7.
1484 1374 1653 1428 Optime
1683 1385 1813 1427 vero;

391 1448 488 1502 quis
518 1447 684 1490 dubitet
714 1447 998 1489 sanctissimos
1028 1446 1142 1487 viros
1172 1446 1216 1486 in
1248 1446 1490 1499 gravissima
1519 1445 1693 1487 materia
1732 1445 1815 1487 Ca-·

389 1519 574 1561 tholicas
603 1519 847 1560 enunciasse
873 1516 1133 1559 sententias?
1163 1516 1243 1558 Sed
1273 1515 1389 1559 aliud
1420 1520 1483 1558 est
1511 1517 1632 1571 loqui
1661 1516 1815 1558 catho-

388 1590 487 1645 lice,
500 1603 676 1646 prorsus
686 1588 804 1632 aliud
820 1589 884 1631 uti
898 1589 951 1631 iis
966 1587 1187 1630 vocabulis
1200 1600 1306 1643 quae
1317 1587 1512 1630 catholici
1523 1588 1606 1630 hoc
1621 1592 1815 1642 tempore

388 1666 592 1715 utuntur,
625 1674 734 1717 quae
765 1660 937 1716 quidem
967 1673 1055 1702 non
1085 1663 1203 1702 erant
1232 1660 1493 1713 necessaria,
1526 1672 1614 1701 non
1635 1663 1754 1700 erant
1770 1659 1815 1700 in

390 1734 679 1777 ecclesiastico
715 1747 796 1776 usu
815 1764 827 1786 ‚
867 1732 1004 1775 donec
1040 1731 1275 1787 irrepsisset
1315 1731 1623 1774 haereticorum
1664 1731 1778 1772 fraus
1799 1762 1812 1784 ‚

389 1806 529 1849 donec
549 1807 864 1862 periclitaretur
882 1804 1073 1846 fidelium
1097 1803 1224 1845 saluS.
1245 1803 1268 1844 J
1272 1815 1341 1845 am
1369 1802 1404 1844 si
1435 1803 1813 1858 Chrysostomum,

390 1890 521 1934 quem
557 1878 834 1933 Ephraemius
863 1875 1039 1930 laudat,
1080 1873 1279 1917 adeamus
1297 1905 1310 1929 ,
1351 1874 1634 1916 invenerimus
1659 1871 1783 1917 ἔνωσις
1800 1900 1814 1923 ,

390 1957 587 2004 συνάφεια,
615 1949 652 1990 ἐν
687 1956 704 1990 ὁ
738 1957 828 1993 Θεὸς
859 1953 970 2000 λόγος
1009 1953 1069 1986 καὶ
1109 1953 1128 1990 ἡ
1161 1950 1262 2000 σὰρξ,
1314 1947 1383 1988 vix
1423 1949 1564 1988 autem
1599 1958 1648 1987 ea
1685 1945 1816 1988 verba

390 2025 550 2081 quibus
577 2024 673 2066 illas
706 2024 906 2065 notiones
933 2020 1206 2076 Ephraemius
1235 2018 1392 2071 vestit;
1425 2017 1470 2059 in
1501 2017 1694 2071 Gregorii
1713 2016 1815 2071 Epi-

390 2099 501 2141 stola
530 2096 585 2139 ad
616 2095 898 2147 Cledonium,
933 2093 988 2135 ad
1021 2104 1150 2147 quam
1178 2090 1294 2133 idem
1325 2093 1476 2131 auctor
1503 2092 1737 2143 provocat,
1762 2100 1815 2130 ne

390 2169 523 2213 semel
535 2167 710 2224 quidem
725 2166 905 2208 verbum
910 2176 1103 2218 persona5
1130 2163 1175 2204 in
1194 2162 1245 2204 iis
1264 2165 1403 2204 autem
1417 2172 1526 2215 quae
1539 2163 1682 2201 extant
1700 2158 1815 2201 Petri

387 2242 568 2297 legimus
597 2236 874 2294 hujusmodi,
909 2241 999 2290 σὰρξ
1032 2242 1221 2288 γενόμενος
1245 2236 1309 2272 οὐκ
1332 2236 1522 2284 ἀπελείφθη
1546 2240 1606 2274 τῆς
1629 2235 1812 2274 Θεότητος·

389 2319 540 2366 γέγονεν
573 2314 609 2351 ἐν
640 2319 757 2365 μητρᾴ
789 2320 848 2354 τῆς
882 2313 1063 2364 ωαρθένου
1096 2311 1197 2361 σάρξ·
1231 2311 1320 2350 Θεὸς
1350 2305 1390 2348 ἦν
1422 2309 1526 2357 φύσει
1564 2309 1626 2342 καὶ
1666 2306 1814 2355 γέγονεν

391 2391 574 2442 ἄνθρωπος
608 2391 725 2438 φύσει.
756 2383 920 2427 Bouth.
946 2383 1051 2424 Rell.
1077 2385 1110 2422 t.
1138 2381 1180 2422 3.
1207 2391 1250 2434 p.
1282 2377 1500 2420 344-346.

477 2459 685 2502 Maximus
708 2467 884 2512 quoque
908 2452 1137 2496 Confessor
1159 2451 1220 2493 sic
1240 2451 1542 2504 interpretatur
1562 2445 1815 2499 Gregorium

389 2532 726 2578 Nazianzenum:
766 2546 783 2562 a
802 2528 897 2569 Hoc
918 2538 1043 2578 sane,
1073 2528 1122 2566 ut
1142 2527 1272 2578 puto,
1305 2532 1484 2575 magnus
1514 2529 1688 2573 quoquc
1711 2517 1815 2558 Gre-

389 2603 536 2657 gorius
562 2600 806 2653 Theologus
837 2597 977 2640 dicere
1007 2594 1178 2638 videtur
1208 2606 1258 2635 ea
1286 2603 1438 2646 magna
1467 2589 1670 2633 Oratione
1691 2588 1812 2642 Apo-

387 2674 603 2729 logetica,
626 2670 730 2714 dum
753 2671 827 2724 ait,
851 2670 991 2711 Unum
1012 2680 1063 2710 ex
1079 2664 1290 2709 ambobus
1309 2694 1321 2716 ‚
1346 2667 1389 2705 et
1407 2661 1534 2704 ambo
1555 2672 1634 2715 per
1655 2670 1810 2700 unum:

389 2750 502 2800 quasi
532 2747 707 2796 diceret,
744 2738 1106 2798 quemadmodum
1136 2737 1249 2780 enim
1278 2748 1328 2778 ex
1355 2732 1566 2776 ambobus
1585 2762 1597 2785 ,
1632 2731 1704 2772 hoc
1723 2734 1781 2770 est
1798 2759 1811 2782 ,

390 2830 440 2860 ex
471 2816 638 2859 duabus
667 2818 842 2866 naturis,
889 2823 1020 2855 unum
1050 2809 1167 2852 velut
1194 2811 1336 2851 totum
1366 2818 1415 2848 ex
1446 2802 1641 2860 partibus
1662 2812 1814 2844 secun-
