1950 3340
959 194 1201 235 ...5οῄ

366 282 410 324 in
443 293 495 323 eo
528 292 616 323 esse
646 279 719 335 qui
743 283 866 322 natus
889 281 974 332 est,
1008 278 1128 333 quod
1151 278 1186 320 is
1206 276 1298 332 ipse
1320 280 1383 319 est
1405 289 1535 332 penes
1557 289 1685 332 quem
1705 281 1798 320 erat

365 358 595 409 antequam
632 356 893 394 nasceretur.
918 370 934 386 »
971 349 1102 406 Cujus
1132 350 1268 392 simile
1299 353 1363 391 est
1392 348 1500 391 illud
1530 348 1651 404 quod
1673 349 1800 391 Bullo

367 427 484 470 favet
515 439 566 469 ex
603 425 788 468 Zenonis
817 425 1016 466 Tractatu
1045 424 1094 464 de
1115 425 1216 464 Filii
1244 423 1520 476 qeneratione:
1565 440 1582 457 «
1601 421 1804 463 Procedit

367 501 412 543 in
440 499 732 550 nativitatem,
766 496 841 552 qui
871 499 962 538 erat
992 499 1221 550 antequam
1250 497 1548 536 nasceretur.»
1583 494 1640 535 At
1668 494 1805 536 Zeno-

368 585 467 615 nem
508 583 597 613 non
629 574 694 612 est
731 581 810 611 cur
841 579 1086 620 moremur,
1120 566 1369 620 diligentem
1387 597 1399 619 ‚
1434 569 1484 607 ut
1516 578 1541 608 a
1568 565 1806 608 Balleriniis

369 648 656 688 monstratum
679 645 743 684 est
759 674 770 695 ,
804 643 914 681 Diss.
940 642 979 694 l,
1007 640 1049 680 2.
1071 641 1109 692 S.
1135 639 1179 680 6.
1211 636 1360 680 Hilarii
1382 637 1652 679 imitatorem.
1678 635 1806 688 Quod

371 721 512 760 autem
529 715 584 758 ad
598 715 892 757 Pictavensem
912 711 1052 767 ipsum
1070 710 1246 763 attinet,
1265 721 1552 765 provocamus
1572 708 1624 751 ab
1639 709 1804 751 Hilario

370 788 571 844 imperito
595 785 650 829 ad
671 784 880 828 Hilarium
896 782 1196 839 peritissimum
1207 781 1478 823 Arianorum.
1501 781 1676 823 Constat
1693 779 1806 822 enim

371 859 684 902 sanctissimum
713 856 878 909 virum,
911 854 983 896 illa
1012 854 1226 909 scripsisse
1247 856 1478 908 antequam
1499 851 1545 893 in
1570 852 1711 894 Asiam
1734 863 1808 893 ve-

372 933 531 985 nisset3
579 932 913 984 «regeneratum
949 930 1091 968 autem
1126 924 1294 981 pridem
1311 955 1324 978 ‚
1354 943 1370 960 »
1410 928 1460 966 ut
1496 924 1630 979 ipsius
1663 923 1807 966 verbis

372 1009 492 1058 utar,
532 1021 547 1038 «ι
567 1007 610 1045 et
639 1002 685 1044 in
706 1002 968 1056 Episcopatu
991 999 1256 1052 aliquantum
1279 1001 1597 1052 permanentem
1615 1028 1626 1050 ‚
1659 995 1808 1038 Fidem

374 1077 601 1119 Nicaenam
639 1085 860 1128 nunquam
906 1071 988 1113 nisi
1031 1070 1320 1112 exsulaturum
1346 1089 1362 1105 υ
1410 1068 1626 1123 conceptis
1669 1067 1811 1109 verbis

379 1168 395 1183 «
419 1147 653 1200 audivisse,
677 1165 692 1182 »
717 1146 766 1186 de
784 1146 882 1198 Syn.
899 1145 972 1186 91.
1000 1146 1152 1198 postea
1174 1145 1339 1194 autem,
1365 1145 1415 1183 ut
1437 1141 1708 1183 Constantius
1731 1151 1809 1180 nos

375 1220 567 1272 monuit,
592 1230 682 1260 sese
713 1215 946 1259 correxisse
974 1215 1020 1256 in
1051 1213 1325 1256 celeberrimo
1355 1224 1433 1255 suo
1466 1224 1596 1267 opere
1621 1210 1740 1266 quod
1762 1211 1810 1251 de

380 1293 574 1334 Trinitate
605 1289 877 1343 conscripsit.
916 1287 1010 1329 Iuic
1053 1286 1192 1340 enim,
1232 1298 1354 1327 secus
1385 1298 1434 1327 ac
1464 1284 1602 1326 voluit
1630 1283 1777 1326 Bullus
1797 1314 1809 1337 ,

377 1366 636 1407 Arianorum
658 1361 888 1404 formulam
927 1377 942 1394 «
969 1363 1192 1413 antequam
1215 1358 1462 1412 gigneretur
1482 1369 1570 1398 non
1594 1359 1701 1408 erat,
1725 1374 1739 1390 »
1768 1354 1814 1396 in

377 1436 652 1493 sophismatis
680 1434 780 1476 loco
812 1430 1142 1474 luculentissime
1173 1430 1311 1485 ponit.
1362 1447 1378 1464 α
1398 1426 1616 1484 Adjiciant
1638 1427 1766 1480 haec,
1791 1446 1808 1462 »

379 1510 432 1552 de
462 1521 515 1551 eo
546 1506 720 1560 scribit,
759 1524 775 1540 «
793 1509 940 1558 arquta
973 1503 1074 1544 satis
1110 1506 1239 1556 atque
1282 1499 1430 1543 auditu
1460 1499 1703 1555 placentia3
1737 1499 1810 1552 Si,

377 1581 547 1636 inquit,
588 1582 714 1620 natus
746 1581 837 1629 cst,
878 1575 1049 1630 coepit3
1093 1579 1136 1615 et
1165 1585 1263 1615 cum
1303 1572 1476 1627 coepit,
1509 1583 1599 1613 non
1628 1570 1738 1623 fuit3
1771 1574 1813 1612 et

379 1666 477 1695 cum
511 1664 600 1694 non
632 1650 740 1702 fuit,
777 1661 866 1690 non
899 1648 1060 1703 patitur
1094 1649 1143 1688 ut
1173 1645 1319 1687 fuerit.
1354 1644 1497 1698 Atque
1526 1642 1689 1684 idcirco
1720 1642 1813 1696 piae

378 1723 678 1778 intelligentiae
701 1733 940 1763 sermonem
963 1730 1053 1761 csse
1075 1716 1359 1769 contendant,
1377 1727 1466 1756 non
1482 1714 1563 1756 fuit
1583 1717 1814 1767 antequam

379 1799 626 1839 nasceretur
639 1825 650 1847 ‚
674 1794 773 1848 quia
794 1797 843 1834 ut
867 1796 976 1834 esset
999 1791 1177 1846 quinon
1194 1792 1286 1831 erat
1305 1819 1317 1843 ,
1349 1800 1439 1830 non
1457 1786 1533 1842 qui
1554 1790 1666 1838 erat,
1688 1789 1813 1827 natus

381 1871 446 1910 est
461 1898 474 1921 ‚
498 1886 514 1902 n
548 1868 597 1907 de
623 1867 734 1907 Trin.
756 1876 836 1916 ΧΠ,
873 1865 940 1905 18.
974 1862 1123 1917 Neque
1147 1862 1265 1903 aliter
1286 1859 1351 1902 illi
1370 1858 1575 1901 formulae
1598 1856 1810 1909 occurrit;

387 1960 402 1975 «
423 1940 674 1994 Unigenitus
704 1939 819 1980 Deus
851 1947 991 1990 neque
1021 1947 1110 1976 non
1139 1933 1221 1975 fuit
1256 1930 1484 1986 aliquando
1524 1941 1614 1971 non
1651 1927 1812 1980 Filius,

382 2025 523 2067 neque
550 2011 632 2053 fuit
663 2007 826 2064 aliquid
855 2012 1085 2061 antequam
1115 2004 1272 2057 Filius,
1306 2015 1443 2058 neque
1475 2000 1711 2056 quidquam
1735 1998 1814 2040 ali-

383 2083 490 2139 quid
518 2084 611 2138 ipse
641 2081 724 2123 nisi
757 2079 917 2132 Filius,
941 2097 958 2114 υ
1003 2079 1071 2120 15.
1107 2075 1227 2132 quod
1257 2074 1432 2130 quidem
1462 2072 1569 2115 nihil
1599 2069 1715 2113 aliud
1753 2073 1816 2112 est

382 2156 465 2198 nisi
494 2154 665 2209 negatio
694 2153 811 2194 illius
846 2150 983 2192 «Fuit
1017 2153 1244 2203 antequam
1276 2146 1444 2200 genitus
1483 2147 1561 2186 est.
1586 2162 1602 2178 »
1637 2141 1784 2195 Pergit
1799 2172 1812 2194 ,

383 2233 433 2270 ut
464 2226 726 2282 Gregorius:
770 2242 785 2259 «ι
820 2222 903 2265 'Ubi
918 2223 1043 2263 Pater
1062 2224 1214 2262 auctor
1240 2222 1326 2271 est,
1358 2216 1478 2258 ibiet
1498 2214 1694 2256 nativitas
1721 2215 1811 2264 est,

386 2305 430 2341 et
451 2310 554 2341 vero
576 2297 652 2339 ubi
674 2299 823 2338 auctor
847 2298 1042 2336 aeternus
1061 2295 1125 2334 est
1138 2321 1150 2344 ‚
1182 2289 1245 2332 ihi
1268 2293 1310 2330 et
1330 2286 1563 2330 nativitatis
1590 2281 1817 2326 aeternitas

386 2375 466 2414 est.
493 2390 509 2406 »
535 2371 608 2411 21,
636 2366 751 2421 Quid
773 2369 918 2422 potest
939 2377 1028 2407 esse
1050 2360 1283 2406 disertius?
1313 2361 1452 2402 Porro
1473 2369 1555 2412 pro
1586 2374 1602 2390 «
1618 2354 1701 2397 fuit
1718 2356 1817 2395 ante

387 2455 515 2498 quam
543 2445 668 2483 natus
696 2444 784 2492 est,
808 2458 823 2474 υ
859 2437 1093 2492 supponit,
1133 2453 1148 2469 «
1169 2444 1336 2487 semper
1365 2434 1491 2472 natus
1519 2427 1627 2480 fuit3
1651 2445 1666 2461 υ
1703 2438 1742 2466 e.
1770 2436 1812 2478 g.

393 2535 408 2550 κ
433 2512 653 2569 Numquid
685 2517 782 2555 ante
813 2516 1010 2565 tempora
1041 2512 1212 2550 aeterna
1233 2518 1320 2547 esse
1337 2537 1349 2558 ‚
1382 2502 1428 2545 id
1456 2502 1597 2557 ipsum
1619 2499 1674 2541 sit
1698 2496 1818 2553 quod

389 2591 477 2639 est,
513 2599 612 2628 eum
643 2586 717 2640 qui
749 2588 841 2627 erat
869 2582 1020 2625 nasci?
1052 2580 1151 2635 quia
1174 2578 1289 2620 nasci
1319 2573 1439 2631 quod
1467 2576 1579 2626 erat,
1605 2570 1693 2626 jam
1729 2581 1818 2614 nou

388 2660 502 2700 nasci
531 2662 595 2700 est
614 2677 630 2693 »
658 2656 733 2698 sed
763 2656 948 2710 seipsum
973 2652 1194 2695 demutare
1225 2645 1437 2690 nascendo
1466 2677 1476 2686 .
1507 2676 1518 2686 .
1547 2675 1559 2686 .
1589 2673 1600 2684 .
1628 2643 1724 2684 Non
1755 2643 1820 2682 est

389 2732 534 2784 itaque
562 2729 606 2771 id
630 2730 797 2784 ipsum,
830 2731 975 2768 natum
997 2728 1094 2766 ante
1116 2727 1312 2776 tempora
1330 2722 1498 2761 aeterna
1517 2727 1683 2771 semper
1703 2725 1814 2766 esse,

390 2805 433 2842 et
462 2813 551 2842 csse
573 2804 798 2855 antequam
824 2798 953 2840 nasci.
981 2817 996 2832 υ
1025 2797 1096 2836 30.
1124 2790 1377 2844 Concludit,
1411 2786 1630 2831 Athanasii
1649 2795 1819 2828 sensum
