1950 3340
168 281 288 314 τοίνυν
311 273 395 310 οὐδὲ
417 279 499 324 περὶ
525 281 582 314 rm
606 276 700 313 θείας
723 274 854 313 izei-am
874 299 886 321 ,
923 281 984 312 τῆς
1009 278 1056 320 τῷ
1079 275 1159 321 Θείῷ
1187 274 1280 321 λόγῳ
1311 277 1578 316 κοινωνησὰσης

167 352 301 398 σαρκὸς
318 375 329 395 ,
367 353 482 396 σαφῶς
507 349 619 382 εἰπεῖν
643 344 857 395 δυνήσομαι.
879 341 987 383 ibid.
1014 341 1058 383 b.
1085 355 1123 383 c.

255 490 296 530 3.
329 489 420 530 Jam
452 500 576 540 vero,
610 499 705 528 cum
738 486 839 527 haec
859 485 987 527 fuerit
1009 484 1201 527 doctrina
1225 485 1435 538 Marcelli,
1459 485 1576 528 Pho·-

163 558 266 610 tini,
305 563 348 599 et
377 558 573 600 factionis
609 557 788 599 istorum
827 556 1046 598 hominum
1064 587 1075 607 ‚
1117 556 1184 597 vix
1229 557 1460 610 quicquam
1503 569 1577 598 oc-

161 630 293 671 currit
331 630 376 670 in
406 627 578 682 singulis
608 627 698 682 ejus
719 627 906 669 articulis
923 657 934 679 ‚
975 627 1036 668 sic
1066 639 1116 668 ex
1150 626 1300 668 ordine
1327 627 1574 680 collocatis,

161 700 281 756 quod
305 713 392 742 non
421 700 475 742 sit
512 704 604 741 tum
642 711 885 754 expressum
921 703 1012 739 tuin
1043 697 1310 740 confutatum
1349 698 1394 739 in
1425 701 1577 752 quarta

159 772 231 813 illa
254 803 266 823 ‚
299 783 427 825 quam
457 775 633 822 vocant,
667 770 869 812 Oratione
899 769 1132 810 Athanasii.
1173 767 1302 822 Cujus
1330 768 1392 810 rei
1428 769 1493 810 vis
1523 780 1575 810 eo

160 841 296 895 major
317 854 403 883 esse
427 840 554 882 debet
570 871 581 893 ‚
606 839 724 895 quod
739 840 783 880 in
798 839 973 881 historia
992 843 1233 893 temporum
1253 839 1425 880 illorum
1443 838 1576 881 Atha-

160 914 300 954 nasius
318 916 405 954 tam
424 912 582 953 alienus
601 916 663 953 est
684 910 737 952 ab
762 909 942 952 Eusebio
955 941 966 963 ‚
989 915 1075 951 tam
1093 909 1352 951 familiariter
1375 910 1461 965 agit
1478 922 1574 952 cum

159 985 346 1037 Eugenio
369 987 412 1024 et
434 982 600 1024 Basilio.
626 983 732 1024 Cum
754 982 865 1023 enim
890 981 1152 1022 dissimilium
1174 980 1443 1034 ingeniorum
1458 1012 1469 1033 ‚
1503 980 1571 1023 di-

158 1066 368 1095 versarum
392 1054 575 1108 partium
591 1053 694 1104 viri,
719 1057 767 1094 ut
790 1052 1041 1094 Athanasius
1063 1056 1106 1093 et
1126 1051 1330 1094 Eusebius
1346 1082 1358 1104 ,
1383 1050 1573 1106 ejusdem

157 1125 311 1166 erroris
341 1129 438 1166 sunt
466 1129 617 1175 testes,
651 1129 698 1166 ut
728 1124 863 1177 reipsa
886 1123 955 1164 hic
977 1127 1049 1164 aut
1070 1122 1155 1164 illic
1179 1123 1416 1175 existentis,
1451 1135 1572 1165 erro-

158 1207 244 1236 rem
275 1195 393 1236 illum
423 1194 644 1236 verisimile
674 1199 735 1236 est
766 1198 808 1235 et
838 1206 982 1235 revera
1012 1194 1216 1245 existere,
1249 1197 1290 1234 et
1322 1193 1497 1235 existere
1526 1194 1571 1235 in

155 1265 230 1306 illo
260 1265 357 1307 loco
378 1299 389 1319 ,
423 1266 492 1307 cui
521 1264 724 1306 Eusebius
755 1277 850 1306 eum
890 1264 1092 1318 assignat,
1134 1263 1387 1305 Athanasius
1426 1263 1573 1306 saltem

154 1347 242 1377 non
280 1335 507 1390 abjudicat.
547 1335 709 1377 Deinde
747 1334 951 1386 BasiliuS‚
991 1334 1242 1376 Athanasius
1262 1365 1273 1387 ‚
1318 1333 1531 1390 Eugenius
1555 1366 1567 1387 ,

155 1417 278 1447 unam
307 1418 396 1447 rem
426 1410 556 1459 agunt
584 1406 627 1447 in
658 1406 836 1447 historia
864 1403 991 1459 hujus
1022 1405 1308 1459 quaestionis:
1351 1409 1570 1446 accusator

153 1476 329 1518 Basilius
346 1507 358 1530 ‚
399 1477 620 1518 Marcellus
660 1479 702 1518 et
740 1476 951 1530 Eugenius
985 1476 1075 1527 rei,
1118 1474 1371 1516 Athanasius
1406 1474 1565 1529 judex,

154 1548 313 1588 crimen
343 1547 521 1588 haeresis
553 1546 772 1601 cujusdam
795 1547 998 1598 societas3
1022 1558 1151 1600 quare
1176 1557 1273 1586 cum
1296 1545 1568 1587 Athanasium

152 1617 332 1659 eundem
361 1617 414 1659 de
444 1617 590 1659 eadem
620 1617 782 1659 haeresi
800 1615 886 1671 jam
910 1620 1030 1658 antea
1052 1616 1263 1670 scripsisse
1289 1619 1480 1668 constet,
1505 1615 1567 1657 fa-

151 1689 240 1730 cilis
257 1693 319 1731 est
340 1687 602 1743 conjectura,
635 1693 827 1730 sanctum
848 1689 1092 1741 Doctorem,
1109 1699 1206 1729 cum
1226 1686 1442 1741 scriberet,
1467 1699 1563 1729 ver-

151 1760 231 1801 sari
260 1760 305 1802 in
334 1760 416 1802 illis
436 1760 538 1815 ipsis
561 1759 804 1801 hominibus
827 1758 1078 1813 impetendis
1098 1789 1108 1810 ,
1143 1771 1252 1812 quos
1274 1762 1423 1812 postea
1444 1762 1566 1799 notat

151 1830 328 1872 Basilius
345 1861 357 1883 ‚
389 1831 538 1872 horret
567 1830 793 1884 Eugenius.
827 1830 985 1870 Verum
1013 1828 1068 1870 ad
1097 1829 1231 1883 ipsam
1252 1827 1447 1870 locorum
1470 1828 1563 1870 col-

152 1901 352 1942 lationem
380 1901 598 1943 veniamus
617 1932 628 1954 ,
673 1900 873 1955 expositis
914 1899 1013 1941 hinc
1050 1903 1186 1941 sectae
1215 1900 1334 1941 istius
1363 1899 1530 1954 placitis
1551 1930 1562 1951 ,

151 1972 267 2014 illinc
302 1971 576 2026 opinionibus
605 1971 656 2013 ab
687 1971 916 2013 Athanasio
948 1970 1170 2012 damnatis.

241 2044 293 2095 (l)
325 2044 358 2084 E
388 2042 643 2084 sectionibus
673 2042 846 2096 triginta
875 2053 945 2083 sex
974 2041 1074 2083 libri
1105 2041 1278 2095 quarti,
1311 2040 1458 2082 saltem
1480 2053 1564 2082 una

151 2117 193 2155 et
223 2113 385 2167 viginta
415 2112 460 2154 id
490 2116 620 2167 agunt
650 2117 697 2154 ut
727 2111 919 2153 refellant
949 2124 1022 2153 eos
1054 2111 1127 2165 qui
1158 2111 1346 2152 dicerent
1375 2111 1565 2154 Verbum

154 2195 242 2225 non
258 2196 346 2225 esse
362 2183 537 2225 Filium:
566 2187 655 2225 esto
672 2187 833 2238 septem
850 2195 900 2224 ex
924 2182 973 2224 iis
991 2182 1249 2236 respexerint
1266 2181 1560 2236 PaulianistaS,

147 2253 421 2297 nihilominus
453 2254 629 2309 reliquis
660 2253 981 2309 quatuordecim
1011 2253 1162 2308 aliquis
1191 2252 1469 2295 inveniendus
1501 2257 1566 2295 est

146 2335 318 2379 scopus,
330 2325 397 2366 cui
412 2325 533 2380 plene
555 2329 598 2367 et
619 2326 738 2368 unice
754 2336 1032 2380 responsurus
1050 2327 1113 2366 est
1129 2323 1350 2366 comitatus
1359 2323 1559 2367 Marcelli.

241 2396 292 2446 (2)
323 2396 517 2450 Increpat
539 2396 791 2438 Athanasius
812 2399 1097 2438 commentum
1115 2394 1360 2448 dicentium,
1375 2394 1564 2437 Verbum

147 2466 255 2518 Dei,
289 2466 467 2508 similem
497 2467 616 2509 verbi
646 2467 819 2509 humani
837 2497 849 2520 ,
882 2479 970 2508 non
999 2465 1156 2508 habere
1185 2465 1493 2520 substantiam3
1519 2469 1562 2505 οὐ

151 2536 427 2589 διαλελυμὲνος,
463 2534 483 2580 ἦ
513 2540 625 2581 ἁπλῶς
657 2544 748 2589 φωνὴ
797 2545 991 2590 σημαντικὴ
1013 2569 1026 2591 ‚
1079 2540 1167 2576 ἀλλὰ
1211 2537 1389 2582 οὐσιώδης
1437 2539 1560 2590 λόγος·

149 2611 256 2659 εἰγάρ
275 2614 318 2660 μὴ
338 2638 350 2662 ,
390 2612 492 2648 ἔσται
526 2614 543 2648 ὀ
573 2615 660 2652 Θεὸς
694 2612 809 2649 λαλῶν
842 2615 890 2653 εὶς
923 2613 1008 2663 ἀέρα.
1033 2639 1041 2647 .
1066 2640 1076 2650 .
1101 2640 1109 2647 .
1135 2611 1256 2652 ἐπειδὴ
1281 2611 1322 2648 δὲ
1362 2614 1424 2648 οὔκ
1466 2613 1563 2650 ἔστιν

149 2683 327 2733 ἄνθρωπος
356 2711 368 2733 ‚
404 2682 467 2719 οὐκ
489 2678 529 2719 ἄν
566 2687 619 2724 εἴη
655 2683 740 2720 οὐδὲ
773 2687 790 2720 ὁ
813 2685 918 2734 >hyac
951 2685 1084 2736 αὐτοῦ,
1123 2687 1217 2721 κατὰ
1239 2689 1297 2725 τὴν
1331 2692 1399 2720 τῶν
1422 2685 1563 2734 ἀνθρὼ-

147 2767 220 2790 πων
256 2753 454 2792 ἀσθένειαν.
478 2755 516 2805 5.
546 2755 583 2795 l.
610 2752 704 2796 Vid.
726 2766 899 2810 quoque
922 2756 1056 2797 contr.
1077 2755 1225 2798 Sabell.
1255 2756 1374 2808 Greq.
1394 2756 1432 2807 S.
1453 2756 1495 2798 5.
1521 2767 1559 2797 c.
