1950 3340
983 191 1219 233 -23—

396 277 478 315 sius
505 277 568 316 est
594 274 783 317 Christus
804 305 815 327 ,
844 278 931 316 tres
960 279 1059 317 sunt
1087 274 1346 318 substantiae
1376 274 1419 315 in
1441 272 1619 328 deitate,
1648 290 1664 309 a
1679 277 1722 316 et
1741 286 1815 316 ve-

398 357 494 387 rum
529 345 649 400 quod
684 345 869 388 Hilarius
888 378 900 399 ‚
949 364 964 380 «
994 348 1232 387 Hmnousion
1271 346 1566 387 samosatenus
1602 344 1817 388 confessus

400 420 476 458 est.
500 435 516 452 u
543 415 841 459 Subduxerunt
860 417 1002 471 itaque
1033 418 1177 459 Patres
1197 416 1422 469 voculam,
1455 428 1508 458 ne
1525 415 1638 458 illam
1663 415 1814 471 sophi-

399 491 466 529 sta
489 492 562 530 aut
592 488 775 530 haeresis
804 488 1041 543 postularet
1060 488 1403 531 Manichaeorum
1419 519 1431 541 ,
1458 487 1593 530 autin
1615 487 1817 530 Sabellia-

400 570 499 600 nam
526 558 778 602 vindicaret.

489 703 532 742 2.
567 702 765 756 Legimus
796 703 920 745 etiam
948 702 995 745 in
1025 701 1191 745 Ecthesi
1209 733 1221 755 ,
1252 707 1344 755 μετὰ
1366 711 1426 746 τῆς
1459 706 1629 744 θεότητος
1660 698 1704 739 ὧν
1726 707 1819 740 κατὰ

403 776 518 826 σάρκα
550 778 741 825 ὁμοούσιος
763 779 856 826 ἡμῖν.

488 845 623 888 Multa
652 851 750 889 sunt
779 851 822 889 et
851 848 1017 902 gravia,
1058 860 1134 889 cur
1164 846 1413 901 credamus,
1446 846 1673 889 formulam
1701 845 1819 888 illam

404 919 594 967 ὁμοούσιον
631 923 713 970 ἡμῖν
750 918 1017 974 temporibus
1047 931 1137 960 esse
1166 917 1437 960 tribuendam
1469 921 1511 959 et
1549 917 1819 959 Antiocheno

403 988 617 1043 Concilio,
657 994 700 1032 et
727 990 904 1032 fortasse
931 990 1118 1032 Nicaeno
1135 1022 1147 1044 ‚
1183 988 1509 1044 posterioribus.

499 1062 550 1112 (l)
592 1061 634 1102 Si
670 1061 943 1104 Vaterlandio
986 1060 1245 1103 credendum
1284 1065 1347 1102 est
1367 1090 1379 1113 ,
1420 1063 1599 1102 aetatem
1635 1057 1823 1114 Symboli

407 1131 638 1184 Quicunque
669 1133 859 1186 cruenti,
896 1137 1086 1185 ὁμοούσιου
1117 1139 1198 1184 ἡμῖν
1230 1131 1355 1186 pauci
1387 1134 1555 1172 tantum
1576 1134 1672 1172 ante
1693 1130 1825 1185 Euty-

404 1202 513 1244 chen
544 1205 762 1260 conceptis
797 1204 939 1247 verbis
977 1205 1242 1248 tradiderunt
1263 1236 1274 1257 ,
1315 1206 1415 1258 post
1455 1205 1596 1244 autem
1634 1200 1822 1256 plurimi.

403 1274 498 1326 Quo
535 1274 619 1317 hoc
642 1276 896 1331 comprobet
918 1307 929 1330 ,
961 1280 1172 1331 provocat
1194 1276 1259 1317 vir
1285 1273 1436 1316 doctus
1452 1273 1505 1315 ad
1519 1271 1824 1315 confessionem

403 1345 585 1387 Turribii
617 1346 794 1402 Hispani
824 1361 892 1390 an,
929 1349 1030 1390 447.
1065 1346 1252 1389 Flaviani
1293 1342 1748 1398 Constantinopolitani
1782 1346 1826 1383 et

404 1417 558 1459 Leonis
569 1419 710 1473 Papae
726 1420 829 1473 449,
843 1419 1018 1462 Concilii
1033 1417 1384 1461 Chalcedonensis
1399 1417 1495 1458 an.4
1505 1417 1552 1457 51
1566 1447 1578 1468 ,
1589 1414 1738 1456 Felicis
1751 1427 1823 1466 111,

403 1489 580 1531 an.485.
602 1490 808 1532 Anastasii
828 1503 880 1533 11.
904 1492 1082 1532 an.496.
1108 1489 1315 1531 Ecclesiae
1337 1485 1646 1529 Alexandrinae
1668 1484 1822 1527 eodem

405 1573 518 1603 anno
539 1574 549 1614 ;
577 1573 743 1604 necnon
774 1562 1026 1604 Hormisdae
1045 1592 1056 1613 ,
1090 1560 1371 1603 Ecclesiarum
1388 1558 1551 1614 Syriae,
1574 1556 1786 1611 Fulgentii
1808 1586 1821 1608 ,

403 1633 626 1675 Justiniani
642 1665 653 1687 ,
683 1634 860 1676 ,loannis
891 1646 942 1676 11.
974 1637 1016 1676 et
1047 1632 1205 1686 Pelagii
1226 1644 1258 1673 1.
1293 1632 1337 1673 in
1366 1629 1536 1672 saeculo
1559 1632 1695 1670 sexto.
1734 1646 1750 1662 «
1770 1627 1821 1669 In

407 1703 562 1757 quibus
593 1705 794 1759 singulis,
820 1724 836 1741 »
871 1706 1012 1760 inquit
1028 1737 1039 1759 ‚
1088 1722 1104 1739 «
1127 1707 1201 1746 aut
1229 1703 1354 1744 unius
1383 1705 1536 1743 natura
1579 1699 1734 1752 dogma
1765 1701 1828 1740 est

406 1775 709 1830 reprobatum,
756 1782 830 1820 aut
853 1777 1034 1819 duarum
1062 1774 1420 1830 comprobatum,
1454 1776 1526 1814 aut
1557 1777 1596 1811 τὸ
1630 1774 1825 1823 ὀμοούσιον

406 1853 487 1899 ἡμῖν
521 1848 758 1902 sancitum;
792 1861 901 1904 quos
922 1848 1095 1903 quidem
1113 1846 1314 1889 articulos
1331 1845 1486 1887 frustra
1516 1842 1769 1898 quaesiveris
1784 1840 1829 1882 in

407 1919 614 1976 Symbolo
639 1922 897 1974 Quicumque.
928 1939 944 1955 »
975 1922 1080 1974 Opp.
1103 1924 1137 1961 t.
1161 1919 1203 1960 4.
1229 1931 1274 1973 p.
1299 1918 1400 1959 247.
1424 1914 1586 1958 Eodem
1604 1918 1744 1956 autem
1762 1925 1829 1954 ar-

407 1996 630 2046 gumentO,
653 2005 740 2048 quo
764 1992 1013 2047 Symbolum
1051 1993 1320 2043 Quicumque,
1356 1988 1486 2030 verba
1519 1992 1710 2040 ὁμοούσιον
1747 1990 1827 2037 ἡμῖν

408 2064 611 2106 omittens
628 2095 640 2117 ,
671 2064 908 2106 collocatur
943 2068 1039 2105 ante
1070 2061 1316 2116 Eutychen,
1349 2059 1538 2101 Ecthesis
1555 2059 1662 2100 haec
1683 2056 1825 2112 Ephe-

410 2134 502 2176 sina
523 2166 533 2187 ,
568 2135 716 2177 iisdem
736 2147 810 2177 usa
825 2166 836 2188 ,
865 2138 966 2190 post
993 2133 1214 2188 Eutychen
1237 2131 1533 2174 collocabitur.

499 2207 550 2258 (2)
584 2207 697 2249 Illud
725 2209 887 2261 ipsum,
912 2205 1032 2261 quod
1059 2210 1250 2257 ὸμοούσιον
1281 2209 1363 2256 ἡμῖν
1385 2207 1447 2244 est
1470 2201 1523 2244 ab
1547 2199 1739 2255 Eutyche
1761 2211 1831 2240 re·

411 2277 660 2331 pudiatum,
692 2278 849 2320 indicio
876 2282 939 2320 est
964 2278 1073 2319 hanc
1102 2276 1330 2319 formulam
1350 2287 1438 2317 non
1468 2276 1714 2327 usurpatam
1740 2282 1828 2312 esse

410 2349 465 2390 ab
496 2350 682 2392 Ecclesia
711 2350 756 2392 in
783 2349 1118 2392 confessionibus
1137 2348 1223 2390 suis
1240 2379 1250 2399 ,
1286 2351 1380 2389 ante
1409 2343 1668 2400 Eutychem3
1707 2353 1828 2383 nam·—

411 2432 496 2475 que
528 2420 573 2462 id
603 2421 911 2463 haeretieorum
942 2421 1166 2476 proprium
1200 2423 1262 2461 est
1277 2450 1288 2472 ,
1322 2416 1564 2460 Catholicae
1590 2412 1831 2456 traditionis

411 2491 510 2533 illos
543 2493 746 2535 articulos
763 2504 962 2548 respuere
982 2523 993 2545 ,
1027 2503 1138 2547 quae
1155 2491 1358 2533 hactenus
1378 2491 1477 2530 sunt
1497 2485 1685 2528 fidelium
1709 2495 1831 2525 men-

411 2562 526 2604 tibus
558 2576 647 2606 non
675 2563 857 2618 publicis
890 2562 1174 2606 monumentis
1198 2559 1408 2604 mandata.
1449 2576 1465 2593 «
1487 2558 1631 2611 Usque
1661 2553 1715 2597 ad
1743 2553 1829 2596 ho-

412 2634 612 2677 diernum
642 2635 752 2678 diem
766 2668 778 2689 ‚
809 2655 825 2671 »
861 2634 1082 2678 contendit
1118 2636 1163 2676 in
1199 2632 1392 2676 Concilio
1433 2624 1829 2681 Constantinopoli-

410 2711 536 2759 tano,
575 2727 591 2743 «
613 2719 701 2750 non
723 2708 810 2750 dixi
831 2720 988 2763 corpus
1010 2707 1183 2749 Domini
1205 2710 1247 2747 et
1269 2704 1346 2747 Dei
1366 2701 1504 2745 nostri
1527 2710 1615 2742 esse
1637 2702 1829 2750 ὸμοούσιον

410 2784 511 2830 tat-m
535 2778 743 2821 confiteor
772 2783 911 2822 autem
935 2780 1127 2822 Sanctam
1158 2777 1376 2833 Virginem
1405 2785 1493 2817 esse
1516 2775 1710 2826 ὁμοούσιον
1733 2775 1828 2824 ἡμῖν,
