1950 3340
950 167 1188 209 -68-

349 251 465 303 usia3
490 267 507 284 »
547 249 648 304 quia
676 249 833 292 scilicet
862 250 1138 293 mittebantur
1157 249 1211 293 ad
1240 250 1416 294 Latinos
1431 282 1444 306 ‚
1470 264 1581 308 quos
1602 258 1652 296 ut
1671 267 1780 297 con-

348 320 559 375 ciliarent,
574 321 807 365 utebantur
827 323 1028 365 haeretici
1047 323 1124 365 illo
1143 322 1358 365 vocabulo
1370 356 1381 378 ‚
1401 323 1521 378 quod
1538 326 1584 366 in
1607 325 1781 368 auribus

349 392 599 435 Latinorum
629 393 783 436 clarius
812 395 1050 436 soniturum
1084 398 1221 448 esset3
1254 395 1616 450 quemadmodum
1643 396 1781 439 Atha-

349 464 491 506 nasius
515 469 665 508 contra
680 497 692 519 ‚
724 470 774 508 ut
793 465 979 508 vidimus
995 497 1007 519 ,
1029 466 1075 509 in
1096 465 1286 521 Epistola
1307 479 1385 508 sua
1405 467 1456 508 de
1477 469 1598 510 Decr.
1625 469 1776 510 concil.

347 537 439 577 Nic.
464 536 655 579 scribens
676 536 731 579 ad
754 537 959 590 Graecos,
994 536 1155 579 omittit
1176 538 1425 590 hypostasin,
1461 542 1589 580 usiam
1606 540 1775 582 retinet.

347 607 496 662 Neque
512 608 694 650 absimili
706 609 888 661 ratione,
902 608 1266 663 quemadmodum
1276 610 1536 652 Semi-ariani
1550 610 1780 653 voluerunt

346 684 571 734 praetensa
611 682 811 733 hypostasi
847 680 1193 723 Occidentalibus
1222 680 1437 735 blandiri,
1471 682 1534 723 ita
1575 683 1779 725 Acaciani

350 755 500 794 contra
521 753 701 805 an.359‚
715 751 804 807 jam
820 765 871 794 ex
887 753 1125 795 Constantii
1147 752 1294 795 favore
1317 753 1514 806 audaces,
1538 752 1647 795 illud
1664 753 1779 796 idem

347 823 606 866 vocabulum
621 854 633 876 ‚
659 835 748 865 non
769 823 884 866 aliud
897 855 908 877 ‚
933 824 1111 866 Arimini
1137 823 1191 866 ab
1212 823 1554 866 Occidentalibus
1575 824 1777 880 repudia-

346 899 439 937 tum
461 895 691 937 voluerunt
710 909 722 948 3
744 899 795 937 ut
815 896 1005 950 conspici
1035 900 1178 951 potest
1200 908 1250 938 ex
1272 895 1347 938 illo
1371 896 1569 951 symbolo
1584 928 1595 950 ‚
1633 897 1775 952 quod,

348 967 641 1022 conscriptum
665 967 794 1009 Nicae
815 967 860 1009 in
883 967 1082 1021 Thracia,
1107 980 1198 1009 non
1215 968 1356 1009 solum
1372 970 1523 1020 usiam,
1548 972 1597 1010 ut
1621 969 1665 1010 in
1683 967 1778 1010 aliis

346 1038 684 1080 confessionibus
701 1039 972 1091 Arianorum,
985 1038 1060 1080 sed
1082 1040 1314 1092 hypostasin
1331 1039 1459 1080 etiam
1479 1039 1666 1092 omittit3
1687 1051 1776 1093 quo

344 1110 507 1153 scilicet
527 1112 689 1154 Latinis
709 1124 879 1155 necesse
904 1115 1036 1164 esset,
1060 1124 1149 1153 non
1179 1111 1318 1153 solum
1349 1124 1547 1166 graecum
1574 1130 1590 1146 a
1606 1113 1774 1153 homoz'c‘-

343 1185 455 1236 sion,
475 1202 490 1218 »
514 1183 590 1226 sed
604 1183 786 1225 latinum
821 1201 837 1219 «
862 1183 989 1226 unius
1016 1182 1277 1225 substantiae
1300 1202 1316 1219 »
1349 1181 1540 1237 rejicere.

433 1256 527 1297 Jam
556 1268 686 1309 vero,
720 1256 756 1297 si
786 1255 991 1297 usitatum
1022 1258 1086 1297 est
1116 1254 1480 1309 philosophorum
1502 1254 1687 1308 scholis,
1719 1254 1775 1297 il-

346 1327 434 1369 lam
464 1327 598 1381 magis
621 1326 893 1382 probabilem
913 1324 1098 1381 judicari
1126 1325 1410 1381 hypothesin,
1448 1338 1558 1382 quae
1596 1326 1652 1368 ad
1682 1326 1778 1368 uni-

344 1411 469 1441 versa
485 1399 598 1440 facta
611 1429 623 1452 ‚
644 1398 697 1441 de
718 1398 874 1453 quibus
902 1398 1018 1453 agit,
1049 1397 1249 1439 facillime
1275 1397 1646 1451 accommodatur,
1668 1396 1774 1453 quid

345 1469 472 1512 nobis
501 1482 551 1511 ea
577 1482 687 1524 quae
712 1468 799 1524 jam
827 1469 943 1511 dicta
969 1472 1069 1511 sunt
1098 1468 1457 1523 perpendentibus
1490 1473 1621 1511 restat
1637 1499 1649 1522 ‚
1691 1468 1774 1511 nisi

344 1545 394 1583 ut
416 1540 720 1584 concludamus
738 1572 750 1595 ‚
773 1540 992 1583 vocabulis
1012 1541 1214 1594 hypostasi
1236 1544 1280 1582 et
1308 1542 1399 1582 usia
1421 1539 1773 1583 Anathcmatismi

345 1613 518 1656 Nicaeni
548 1626 677 1656 unam
703 1625 818 1668 rem,
851 1625 940 1655 non
971 1611 1076 1655 duas
1100 1611 1368 1667 significari?

397 2540 1708 2557 ww„—

415 2613 525 2642 NlHIL
543 2612 696 2642 OBSTAT
713 2627 750 2634 —
767 2612 884 2641 Paulus
903 2610 1014 2641 Cullen
1033 2611 1151 2641 Censor
1169 2608 1279 2639 Theoi.
1298 2607 1483 2645 neputatus.

413 2667 525 2696 Num.
543 2667 696 2697 OBSTAT
714 2682 751 2688 -
771 2667 907 2695 loannes
924 2666 1064 2695 Peri-one
1082 2664 1112 2694 S.
1133 2665 1160 2693 J.
1180 2663 1299 2694 Censor
1315 2660 1425 2691 Theoi.
1445 2659 1634 2698 neputatus.

413 2721 669 2751 IMPRIMATUR
713 2737 750 2743 —
767 2721 817 2751 Fr.
838 2721 927 2750 Dom.
948 2718 1097 2749 Buttaoni
1115 2717 1194 2748 Ord.
1212 2715 1323 2747 Praed.
1342 2715 1373 2745 S.
1394 2714 1428 2744 Ρ.
1447 2714 1484 2743 Α.
1499 2713 1657 2750 Magister.

411 2769 668 2799 IMPRlMATUR
713 2784 750 2791 -
766 2767 882 2805 Ioseph
900 2767 1008 2798 canali
1027 2765 1214 2797 Patriarcha
1230 2760 1529 2809 Constantinopolit-
1549 2761 1763 2798 Vioesgerens.
