1950 3340
721 217 958 258 ...33-

128 301 275 359 quitur
307 301 386 344 Dei
424 299 582 354 Filius3
625 300 725 356 quia
753 299 798 341 in
829 301 964 341 eodem
993 303 1176 355 utraque
1207 305 1359 345 natura
1383 308 1474 359 oet3
1507 309 1551 349 et

128 376 163 416 si
180 375 284 415 idem
304 373 511 428 loquitur,
527 384 614 414 non
628 383 716 413 uno
734 383 902 426 semper
920 371 1114 427 loquitur
1131 371 1263 414 modo
1277 374 1326 413 cle
1347 375 1546 428 Fid.11,9.

128 445 225 488 Vid.
266 447 337 487 58.
371 446 467 487 Non
497 443 658 486 divisus
677 473 689 496 ‚
734 441 808 485 sed
848 456 983 494 unam,-
1017 443 1118 497 quia
1147 448 1377 499 utrumque
1413 459 1516 488 unus
1533 480 1545 500 ‚

126 521 170 559 et
199 529 301 558 unus
330 516 375 558 in
403 519 590 570 utroque
615 546 624 556 .
655 547 665 556 .
696 546 706 556 .
739 527 816 555 non
847 514 961 556 enim
992 516 1094 555 alter
1117 527 1167 556 ex
1190 516 1316 557 Patre
1336 547 1348 570 ‚
1375 519 1478 558 alter
1501 531 1552 560 ex

127 587 302 641 Virgine
315 617 327 639 ‚
350 585 422 628 sed
443 587 548 626 idem
572 586 694 627 aliter
714 598 764 627 ex
785 586 908 627 Patre
928 616 938 638 ‚
964 586 1083 628 aliter
1115 598 1166 627 ex
1184 587 1372 641 Virgine.
1407 589 1456 629 de
1475 592 1550 631 In-

128 670 239 698 carn.
267 658 340 698 35.
364 655 463 698 vid.
488 657 562 698 47.
591 658 662 698 75.
687 657 784 698 Non
807 656 920 698 euim
942 656 1061 711 quod
1082 655 1267 712 ejusdem
1295 658 1553 703 substantiae

127 731 192 768 est
210 759 222 780 ‚
254 741 357 768 unus
373 758 384 780 ,
419 726 494 769 sed
516 740 640 768 unum
662 731 724 768 est
748 746 764 762 »
795 728 867 781 77,
890 739 977 782 quo
996 727 1042 770 in
1061 728 1158 770 loco
1179 729 1359 771 verbum
1379 745 1552 784 persona

125 799 318 852 sequitur
341 797 394 840 de
415 799 616 853 Mysterio
639 799 869 839 Trinitatis.

214 869 426 911 Hilarius:
478 889 494 905 «
514 870 610 911 Non
639 872 743 911 alius
773 870 905 911 Filius
938 870 1121 912 hominis
1151 883 1279 925 quam
1311 874 1387 927 qui
1418 874 1549 916 Filius

125 940 204 982 Dei
233 944 295 982 est
311 972 322 994 ,
356 953 495 995 neque
509 943 614 981 alius
638 941 682 982 in
701 941 841 983 forma
863 941 943 982 Dei
967 954 1096 996 quam
1119 943 1194 996 qui
1215 943 1258 984 in
1282 943 1420 986 forma
1441 947 1552 987 servi

126 1011 339 1065 perfectus
371 1012 500 1053 homo
531 1015 655 1053 natus
685 1016 748 1053 est
770 1043 780 1052 .
809 1043 818 1053 .
843 1043 853 1053 .
891 1011 1051 1054 habens
1081 1014 1124 1054 iu
1155 1026 1198 1055 se
1237 1019 1279 1056 et
1302 1019 1441 1057 totum
1478 1029 1552 1059 ve—

127 1095 307 1137 rumque
341 1082 459 1137 quod
490 1083 622 1124 homo
653 1087 744 1136 est,
777 1087 819 1124 et
848 1087 988 1125 totum
1019 1097 1252 1140 verumque
1283 1087 1403 1141 quod
1437 1089 1551 1130 Deus

127 1157 205 1194 est.
241 1155 290 1194 de
324 1157 434 1196 Trin.
459 1167 486 1195 x
504 1185 516 1207 ‚
558 1156 626 1196 19.
664 1154 770 1196 Cum
807 1156 892 1207 ipse
921 1157 992 1196 ille
1021 1155 1150 1198 Filius
1173 1157 1356 1199 hominis
1386 1162 1469 1211 ipse
1498 1160 1552 1201 sit

126 1227 198 1277 qui
215 1231 254 1266 et
273 1225 400 1267 Filius
419 1226 496 1267 Dei
514 1256 526 1278 ‚
559 1226 660 1280 quia
682 1229 798 1267 totus
822 1226 1004 1268 hominis
1026 1227 1158 1269 Filius
1189 1233 1304 1271 totus
1323 1231 1399 1271 Dei
1421 1231 1550 1274 Filius

125 1297 180 1337 sit
202 1300 282 1338 etc.
310 1327 320 1337 .
347 1327 357 1337 .
382 1328 391 1337 .
420 1297 551 1338 Natus
581 1301 721 1338 autem
745 1301 835 1350 est,
869 1311 947 1338 non
965 1302 1013 1338 ut
1031 1303 1138 1340 esset
1156 1302 1261 1340 altus
1282 1306 1398 1354 alque
1421 1304 1547 1355 alius,

127 1366 203 1408 scd
224 1371 271 1408 ut
293 1372 388 1408 aute
411 1368 626 1409 hominem
646 1370 760 1410 Deus
777 1399 788 1421 ‚
821 1370 1053 1423 suscipiens
1073 1370 1287 1413 hominem
1307 1403 1319 1425 ,
1352 1373 1483 1414 homo
1507 1377 1550 1416 et

125 1439 240 1479 Deus
269 1439 403 1493 possit
432 1438 627 1493 intelligi.
652 1441 754 1481 ibid.
781 1441 853 1480 22.
880 1441 977 1482 Non
999 1445 1143 1495 potest
1166 1473 1176 1483 .
1198 1474 1208 1483 .
1236 1475 1246 1484 .
1267 1443 1326 1485 ita
1348 1445 1398 1484 ab
1421 1458 1462 1485 se
1480 1447 1548 1486 di-

125 1510 267 1550 viduus
289 1523 377 1552 esse
394 1541 406 1563 ,
438 1523 489 1552 ne
511 1511 701 1553 Christus
721 1512 803 1563 sit3
837 1524 934 1553 cum
957 1525 1033 1553 non
1055 1514 1159 1553 alius
1190 1513 1396 1568 Christus,
1418 1528 1547 1570 quam

126 1581 201 1634 qui
219 1594 244 1622 a
264 1581 401 1623 forma
413 1582 490 1623 Dei
503 1586 584 1623 etc.
606 1596 730 1635 neque
755 1584 861 1624 alius
885 1595 1014 1637 quam
1036 1584 1110 1638 qui
1131 1588 1252 1626 natus
1272 1589 1334 1627 est
1357 1589 1439 1627 ete.
1466 1620 1475 1628 .
1498 1619 1508 1628 .
1536 1620 1545 1629 .

125 1664 250 1704 neque
268 1654 372 1693 alius
392 1665 518 1707 quam
539 1653 614 1707 qui
633 1657 696 1695 est
715 1658 910 1695 mortuus
931 1657 1014 1695 etc.
1042 1685 1071 1695 ..
1083 1686 1092 1696 .
1114 1655 1157 1696 in
1170 1656 1298 1698 coelis
1314 1660 1455 1699 autem
1472 1672 1550 1700 non

123 1724 229 1762 alias
258 1723 313 1764 sit
328 1735 454 1777 quam
475 1724 551 1778 qui
573 1728 655 1766 etc.
679 1724 784 1766 ibid.
812 1729 861 1766 ut
889 1737 977 1766 non
1006 1727 1110 1767 idem
1140 1726 1268 1769 fuerit
1298 1730 1371 1780 qui
1407 1735 1446 1770 et
1469 1734 1553 1771 etc.

126 1794 303 1834 ibid.50.
324 1795 479 1835 Totum
497 1796 532 1836 ei
554 1796 666 1837 Deus
689 1796 879 1838 Verbum
896 1801 975 1848 est,
991 1801 1131 1839 totum
1149 1797 1189 1839 ei
1206 1798 1337 1841 homo
1358 1800 1549 1842 Christus

127 1868 190 1905 est
280 1877 350 1905 nec
372 1865 584 1908 Christum
613 1868 729 1908 aliud
759 1867 928 1910 credere
948 1880 1073 1923 quam
1094 1870 1117 1911 J
1121 1881 1238 1911 esum
1254 1900 1266 1923 ,
1305 1883 1384 1912 nec
1403 1872 1427 1912 J
1431 1884 1548 1913 esum

125 1935 241 1974 aliud
267 1935 511 1989 praedicare
542 1948 670 1991 quam
693 1938 906 1980 Christum
933 1958 950 1975 »
977 1940 1049 1980 52.

215 2005 341 2048 Haud
370 2006 492 2048 aliter
522 2007 801 2050 Athanasius:
838 2013 967 2061 ἄλλος,
1001 2013 1119 2055 ἄλλος·
1142 2013 1258 2065 ἔτερος
1276 2041 1288 2061 ,
1329 2014 1454 2066 ἔτερος·
1493 2011 1545 2060 εἷς

126 2082 185 2114 καὶ
204 2079 323 2121 αὐτὸς·
341 2081 490 2118 ταύτόν·
517 2080 740 2131 ἀδιαίρετος.
764 2082 876 2122 Orat.
899 2084 1023 2136 1v‚l5
1043 2087 1086 2125 et
1098 2085 1169 2125 29.
1188 2087 1305 2135 ἄλλος,
1325 2087 1443 2128 ἄλλος·
1471 2087 1544 2129 30.

127 2150 186 2186 ἕνα
217 2155 278 2187 καὶ
311 2156 371 2188 τὸν
404 2154 526 2191 αὐτόν.
554 2153 626 2194 31.
660 2155 733 2204 οὐχ
754 2158 799 2196 ὡς
822 2161 887 2191 τοῦ
910 2156 1021 2206 λόγου
1043 2162 1321 2209 κεχωρισμένον.
1351 2156 1459 2200 ibid.
1486 2164 1547 2198 τὸν

126 2225 214 2273 πρὸς
246 2225 357 2260 αὐτοῦ
395 2225 590 2274 ληφθέντα,
632 2221 659 2276 ᾧ
697 2231 755 2263 καὶ
795 2229 951 2267 ἡνῶσθαι
988 2228 1221 2280 πιστεύεται,
1262 2233 1452 2283 ἄνθρωπον
1485 2233 1546 2269 ἀπ’

125 2295 238 2332 αὐτοῦ
270 2300 482 2347 χωρίζουσι.
523 2295 629 2338 ibid.
656 2305 720 2340 τὴν
753 2299 993 2352 ἀνὲκφραστον
1026 2302 1166 2340 ἕνωσιν.
1201 2302 1274 2344 32.
1307 2309 1348 2342 τὸ
1381 2307 1476 2342 θεῖον
1510 2303 1546 2342 ἓν

125 2372 180 2404 καὶ
210 2368 344 2404 ἁπλοῦν
375 2374 578 2421 μυστήριον.
609 2368 715 2410 ibid.
749 2377 810 2412 τὴν
833 2374 999 2413 ἑνότητα.
1019 2371 1126 2415 lbid
1166 2375 1246 2412 ὅλον
1270 2377 1380 2413 αὐτὸν
1405 2378 1543 2429 ἄνθρω-

122 2442 190 2475 πόν
223 2452 262 2476 τε
295 2444 352 2476 καὶ
383 2444 472 2477 Θεὸν
506 2443 607 2491 ὁμοῦ.
645 2440 718 2482 35.
744 2441 844 2483 Vid.
872 2443 999 2484 etiam
1020 2443 1350 2499 disputationem
1370 2448 1550 2490 maxime

121 2507 318 2551 subtilem
347 2510 391 2552 iu
423 2512 537 2552 Orat.
556 2523 628 2564 111,
653 2512 807 2554 30-58.
828 2544 840 2567 ,
864 2512 939 2554 ubi
962 2518 1100 2557 tamen
1120 2516 1190 2557 vix
1210 2517 1419 2560 inveneris
1448 2531 1546 2561 ver-

122 2577 227 2620 bum
255 2591 386 2622 unum
403 2611 415 2634 ‚
449 2580 568 2635 quod
597 2582 652 2623 sit
680 2581 952 2637 theologicae
982 2585 1183 2628 scientiae
1213 2589 1454 2642 proprium.

210 2649 303 2692 Alia
331 2654 523 2694 veterum
551 2651 857 2708 theologorum
888 2656 1120 2710 specimina
1149 2662 1248 2699 sunt
1277 2658 1542 2714 hujusmodi:

128 2738 144 2752 «
167 2718 348 2762 Mediam
375 2721 486 2764 inter
514 2724 651 2766 Deum
680 2728 722 2766 et
752 2724 970 2768 hominem
1010 2727 1291 2772 substantiam
1332 2742 1497 2785 gerens.
1525 2751 1541 2767 »

118 2788 309 2834 Lactant.
348 2792 479 2835 Imm.
499 2806 562 2848 1V,
593 2796 658 2836 13.
683 2802 772 2840 Θεὸς
795 2803 854 2837 καὶ
878 2800 1054 2853 ἄνθρωπος
1078 2802 1214 2846 τέλειος
1247 2806 1264 2840 ὁ
1298 2805 1423 2847 αὐτὸς.
1449 2803 1542 2845 ΜΘ-

1346 2879 1366 2911 ³
