<?xml version="1.0" encoding="UTF-8"?>
<!DOCTYPE html PUBLIC "-//W3C//DTD XHTML 1.0 Transitional//EN"
    "http://www.w3.org/TR/xhtml1/DTD/xhtml1-transitional.dtd">
<html xmlns="http://www.w3.org/1999/xhtml" xml:lang="en" lang="en">
 <head>
  <title>
</title>
<meta http-equiv="Content-Type" content="text/html;charset=utf-8" />
  <meta name='ocr-system' content='tesseract 3.04.00' />
  <meta name='ocr-capabilities' content='ocr_page ocr_carea ocr_par ocr_line ocrx_word'/>
</head>
<body>
  <div class='ocr_page' id='page_1' title='image "a544052900newmuoft_0039.png"; bbox 0 0 1950 3340; ppageno 0'>
   <div class='ocr_carea' id='block_1_1' title="bbox 107 176 1527 2736">
    <p class='ocr_par' dir='ltr' id='par_1_1' title="bbox 688 176 922 219">
     <span class='ocr_line' id='line_1_1' title="bbox 688 176 922 219; baseline 0 -12"><span class='ocrx_word' id='word_1_1' title='bbox 688 197 747 207; x_wconf 69' lang='grc'><strong>..-</strong></span> <span class='ocrx_word' id='word_1_2' title='bbox 779 176 833 219; x_wconf 76' lang='lat'><strong>29</strong></span> <span class='ocrx_word' id='word_1_3' title='bbox 864 198 922 207; x_wconf 78' lang='grc'><strong>-..</strong></span> 
     </span>
    </p>

    <p class='ocr_par' dir='ltr' id='par_1_2' title="bbox 107 258 1527 949">
     <span class='ocr_line' id='line_1_2' title="bbox 107 258 1515 313; baseline 0.004 -13"><span class='ocrx_word' id='word_1_4' title='bbox 107 270 159 300; x_wconf 86' lang='lat' dir='ltr'><strong>ex</strong></span> <span class='ocrx_word' id='word_1_5' title='bbox 188 268 274 313; x_wconf 89' lang='lat' dir='ltr'><strong>qua</strong></span> <span class='ocrx_word' id='word_1_6' title='bbox 309 258 422 301; x_wconf 89' lang='lat' dir='ltr'><strong>Deus</strong></span> <span class='ocrx_word' id='word_1_7' title='bbox 458 262 604 301; x_wconf 86' lang='lat' dir='ltr'><strong>noster</strong></span> <span class='ocrx_word' id='word_1_8' title='bbox 649 263 713 301; x_wconf 88' lang='lat' dir='ltr'><strong>est</strong></span> <span class='ocrx_word' id='word_1_9' title='bbox 752 260 1007 302; x_wconf 89' lang='lat' dir='ltr'><strong>incarnatus.</strong></span> <span class='ocrx_word' id='word_1_10' title='bbox 1034 278 1051 295; x_wconf 73' lang='grc' dir='ltr'><strong>υ</strong></span> <span class='ocrx_word' id='word_1_11' title='bbox 1087 259 1218 303; x_wconf 86' lang='lat' dir='ltr'><strong>Hard.</strong></span> <span class='ocrx_word' id='word_1_12' title='bbox 1258 263 1376 304; x_wconf 79' lang='lat' dir='ltr'><strong>Cone.</strong></span> <span class='ocrx_word' id='word_1_13' title='bbox 1409 267 1443 305; x_wconf 90' lang='lat' dir='ltr'><strong>t.</strong></span> <span class='ocrx_word' id='word_1_14' title='bbox 1470 266 1515 308; x_wconf 81' lang='lat'><strong>2.</strong></span> 
     </span>
     <span class='ocr_line' id='line_1_3' title="bbox 109 329 1527 385; baseline 0.006 -15"><span class='ocrx_word' id='word_1_15' title='bbox 109 342 155 383; x_wconf 87' lang='lat' dir='ltr'><strong>p.</strong></span> <span class='ocrx_word' id='word_1_16' title='bbox 184 330 282 382; x_wconf 81' lang='lat'><strong>164,</strong></span> <span class='ocrx_word' id='word_1_17' title='bbox 308 331 349 370; x_wconf 84' lang='lat'><strong>5.</strong></span> <span class='ocrx_word' id='word_1_18' title='bbox 383 329 546 372; x_wconf 83' lang='lat' dir='ltr'><strong>Scilicet</strong></span> <span class='ocrx_word' id='word_1_19' title='bbox 566 331 612 372; x_wconf 87' lang='lat' dir='ltr'><strong>in</strong></span> <span class='ocrx_word' id='word_1_20' title='bbox 634 331 921 384; x_wconf 89' lang='lat' dir='ltr'><strong>quaestionem</strong></span> <span class='ocrx_word' id='word_1_21' title='bbox 940 335 1136 385; x_wconf 85' lang='lat' dir='ltr'><strong>venerat,</strong></span> <span class='ocrx_word' id='word_1_22' title='bbox 1169 336 1313 374; x_wconf 87' lang='lat' dir='ltr'><strong>utrum</strong></span> <span class='ocrx_word' id='word_1_23' title='bbox 1332 333 1527 378; x_wconf 74' lang='lat' dir='ltr'><strong>formula·</strong></span> 
     </span>
     <span class='ocr_line' id='line_1_4' title="bbox 110 398 1516 457; baseline 0.006 -17"><span class='ocrx_word' id='word_1_24' title='bbox 110 398 318 453; x_wconf 83' lang='lat' dir='ltr'><strong>quaedam</strong></span> <span class='ocrx_word' id='word_1_25' title='bbox 334 400 590 454; x_wconf 83' lang='lat' dir='ltr'><strong>reciperetur</strong></span> <span class='ocrx_word' id='word_1_26' title='bbox 611 413 743 443; x_wconf 90' lang='lat' dir='ltr'><strong>necne</strong></span> <span class='ocrx_word' id='word_1_27' title='bbox 757 432 769 454; x_wconf 89' lang='lat'><strong>,</strong></span> <span class='ocrx_word' id='word_1_28' title='bbox 794 414 925 456; x_wconf 86' lang='lat' dir='ltr'><strong>quae,</strong></span> <span class='ocrx_word' id='word_1_29' title='bbox 948 415 1045 444; x_wconf 92' lang='lat' dir='ltr'><strong>cum</strong></span> <span class='ocrx_word' id='word_1_30' title='bbox 1061 403 1252 457; x_wconf 90' lang='lat' dir='ltr'><strong>apprime</strong></span> <span class='ocrx_word' id='word_1_31' title='bbox 1270 409 1377 447; x_wconf 89' lang='lat' dir='ltr'><strong>esset</strong></span> <span class='ocrx_word' id='word_1_32' title='bbox 1399 407 1516 450; x_wconf 88' lang='lat' dir='ltr'><strong>utilis</strong></span> 
     </span>
     <span class='ocr_line' id='line_1_5' title="bbox 110 469 1518 531; baseline 0.006 -20"><span class='ocrx_word' id='word_1_33' title='bbox 110 469 165 512; x_wconf 89' lang='lat' dir='ltr'><strong>ad</strong></span> <span class='ocrx_word' id='word_1_34' title='bbox 183 475 422 512; x_wconf 89' lang='lat' dir='ltr'><strong>nascentem</strong></span> <span class='ocrx_word' id='word_1_35' title='bbox 444 471 635 513; x_wconf 90' lang='lat' dir='ltr'><strong>haeresin</strong></span> <span class='ocrx_word' id='word_1_36' title='bbox 658 473 980 527; x_wconf 81' lang='lat' dir='ltr'><strong>opprimendam</strong></span> <span class='ocrx_word' id='word_1_37' title='bbox 997 505 1009 527; x_wconf 85' lang='lat'><strong>,</strong></span> <span class='ocrx_word' id='word_1_38' title='bbox 1041 473 1179 515; x_wconf 89' lang='lat' dir='ltr'><strong>adhuc</strong></span> <span class='ocrx_word' id='word_1_39' title='bbox 1199 478 1341 517; x_wconf 90' lang='lat' dir='ltr'><strong>tamen</strong></span> <span class='ocrx_word' id='word_1_40' title='bbox 1362 478 1518 531; x_wconf 84' lang='lat' dir='ltr'><strong>privati</strong></span> 
     </span>
     <span class='ocr_line' id='line_1_6' title="bbox 109 541 1516 599; baseline 0.006 -17"><span class='ocrx_word' id='word_1_41' title='bbox 109 541 376 584; x_wconf 90' lang='lat' dir='ltr'><strong>solummodo</strong></span> <span class='ocrx_word' id='word_1_42' title='bbox 413 541 558 584; x_wconf 84' lang='lat' dir='ltr'><strong>fuisset</strong></span> <span class='ocrx_word' id='word_1_43' title='bbox 591 542 699 598; x_wconf 88' lang='lat' dir='ltr'><strong>juris</strong></span> <span class='ocrx_word' id='word_1_44' title='bbox 737 548 779 586; x_wconf 90' lang='lat' dir='ltr'><strong>et</strong></span> <span class='ocrx_word' id='word_1_45' title='bbox 813 545 859 586; x_wconf 92' lang='lat' dir='ltr'><strong>in</strong></span> <span class='ocrx_word' id='word_1_46' title='bbox 897 545 1023 587; x_wconf 88' lang='lat' dir='ltr'><strong>certis</strong></span> <span class='ocrx_word' id='word_1_47' title='bbox 1059 548 1107 587; x_wconf 87' lang='lat' dir='ltr'><strong>ut</strong></span> <span class='ocrx_word' id='word_1_48' title='bbox 1142 545 1372 599; x_wconf 88' lang='lat' dir='ltr'><strong>plurimum</strong></span> <span class='ocrx_word' id='word_1_49' title='bbox 1412 548 1516 591; x_wconf 91' lang='lat' dir='ltr'><strong>locis</strong></span> 
     </span>
     <span class='ocr_line' id='line_1_7' title="bbox 108 611 1521 675; baseline 0.008 -23"><span class='ocrx_word' id='word_1_50' title='bbox 108 612 276 653; x_wconf 88' lang='lat' dir='ltr'><strong>usitata.</strong></span> <span class='ocrx_word' id='word_1_51' title='bbox 311 611 429 654; x_wconf 90' lang='lat' dir='ltr'><strong>Idem</strong></span> <span class='ocrx_word' id='word_1_52' title='bbox 459 613 657 656; x_wconf 90' lang='lat' dir='ltr'><strong>accidisse</strong></span> <span class='ocrx_word' id='word_1_53' title='bbox 685 616 893 657; x_wconf 90' lang='lat' dir='ltr'><strong>cernimus</strong></span> <span class='ocrx_word' id='word_1_54' title='bbox 914 616 958 657; x_wconf 93' lang='lat' dir='ltr'><strong>in</strong></span> <span class='ocrx_word' id='word_1_55' title='bbox 987 616 1197 658; x_wconf 87' lang='lat' dir='ltr'><strong>vocabulo</strong></span> <span class='ocrx_word' id='word_1_56' title='bbox 1230 619 1354 668; x_wconf 78' lang='grc' dir='ltr'><strong><em>φύσις,</em></strong></span> <span class='ocrx_word' id='word_1_57' title='bbox 1401 621 1521 675; x_wconf 90' lang='lat' dir='ltr'><strong>quod</strong></span> 
     </span>
     <span class='ocr_line' id='line_1_8' title="bbox 111 682 1518 742; baseline 0.008 -19"><span class='ocrx_word' id='word_1_58' title='bbox 111 693 162 723; x_wconf 89' lang='lat' dir='ltr'><strong>eo</strong></span> <span class='ocrx_word' id='word_1_59' title='bbox 192 682 453 736; x_wconf 83' lang='lat' dir='ltr'><strong>plausibilius</strong></span> <span class='ocrx_word' id='word_1_60' title='bbox 482 683 717 738; x_wconf 88' lang='lat' dir='ltr'><strong>rejecerunt</strong></span> <span class='ocrx_word' id='word_1_61' title='bbox 746 686 1017 741; x_wconf 82' lang='lat' dir='ltr'><strong>Eutychiani,</strong></span> <span class='ocrx_word' id='word_1_62' title='bbox 1054 687 1156 742; x_wconf 90' lang='lat' dir='ltr'><strong>quia</strong></span> <span class='ocrx_word' id='word_1_63' title='bbox 1190 690 1325 732; x_wconf 87' lang='lat' dir='ltr'><strong>rarius</strong></span> <span class='ocrx_word' id='word_1_64' title='bbox 1363 703 1518 734; x_wconf 90' lang='lat' dir='ltr'><strong>occur-</strong></span> 
     </span>
     <span class='ocr_line' id='line_1_9' title="bbox 110 754 1516 811; baseline 0.008 -18"><span class='ocrx_word' id='word_1_65' title='bbox 110 757 221 794; x_wconf 87' lang='lat' dir='ltr'><strong>reret</strong></span> <span class='ocrx_word' id='word_1_66' title='bbox 248 754 292 795; x_wconf 94' lang='lat' dir='ltr'><strong>in</strong></span> <span class='ocrx_word' id='word_1_67' title='bbox 321 755 488 809; x_wconf 88' lang='lat' dir='ltr'><strong>scriptis</strong></span> <span class='ocrx_word' id='word_1_68' title='bbox 515 757 716 810; x_wconf 89' lang='lat' dir='ltr'><strong>Patrum,</strong></span> <span class='ocrx_word' id='word_1_69' title='bbox 750 757 918 811; x_wconf 88' lang='lat' dir='ltr'><strong>quando</strong></span> <span class='ocrx_word' id='word_1_70' title='bbox 948 758 994 799; x_wconf 87' lang='lat' dir='ltr'><strong>in</strong></span> <span class='ocrx_word' id='word_1_71' title='bbox 1023 761 1352 802; x_wconf 85' lang='lat' dir='ltr'><strong>controversiam</strong></span> <span class='ocrx_word' id='word_1_72' title='bbox 1382 774 1516 804; x_wconf 83' lang='lat' dir='ltr'><strong>voca-</strong></span> 
     </span>
     <span class='ocr_line' id='line_1_10' title="bbox 111 825 1519 888; baseline 0.009 -24"><span class='ocrx_word' id='word_1_73' title='bbox 111 828 244 865; x_wconf 87' lang='lat' dir='ltr'><strong>retur.</strong></span> <span class='ocrx_word' id='word_1_74' title='bbox 277 825 338 866; x_wconf 92' lang='lat' dir='ltr'><strong>De</strong></span> <span class='ocrx_word' id='word_1_75' title='bbox 366 831 566 866; x_wconf 75' lang='grc' dir='ltr'>ὑποστάσει</span> <span class='ocrx_word' id='word_1_76' title='bbox 583 857 595 877; x_wconf 85' lang='grc'>,</span> <span class='ocrx_word' id='word_1_77' title='bbox 626 840 734 882; x_wconf 90' lang='lat' dir='ltr'><strong>quae</strong></span> <span class='ocrx_word' id='word_1_78' title='bbox 763 841 847 870; x_wconf 81' lang='lat' dir='ltr'><strong>vox</strong></span> <span class='ocrx_word' id='word_1_79' title='bbox 876 829 996 871; x_wconf 84' lang='lat' dir='ltr'><strong>alteri</strong></span> <span class='ocrx_word' id='word_1_80' title='bbox 1026 829 1107 871; x_wconf 88' lang='lat' dir='ltr'><strong>erit</strong></span> <span class='ocrx_word' id='word_1_81' title='bbox 1126 831 1318 886; x_wconf 78' lang='lat' dir='ltr'><strong>exemplo</strong></span> <span class='ocrx_word' id='word_1_82' title='bbox 1341 832 1519 888; x_wconf 89' lang='lat' dir='ltr'><strong>hujusce</strong></span> 
     </span>
     <span class='ocr_line' id='line_1_11' title="bbox 113 895 715 949; baseline 0.01 -14"><span class='ocrx_word' id='word_1_83' title='bbox 113 895 200 948; x_wconf 90' lang='lat' dir='ltr'><strong>rei,</strong></span> <span class='ocrx_word' id='word_1_84' title='bbox 234 901 333 949; x_wconf 89' lang='lat' dir='ltr'><strong>post</strong></span> <span class='ocrx_word' id='word_1_85' title='bbox 363 896 588 940; x_wconf 88' lang='lat' dir='ltr'><strong>dicendum</strong></span> <span class='ocrx_word' id='word_1_86' title='bbox 619 900 715 941; x_wconf 89' lang='lat' dir='ltr'><strong>erit.</strong></span> 
     </span>
    </p>

    <p class='ocr_par' dir='ltr' id='par_1_3' title="bbox 110 967 1523 2092">
     <span class='ocr_line' id='line_1_12' title="bbox 202 967 1521 1028; baseline 0.008 -20"><span class='ocrx_word' id='word_1_87' title='bbox 202 967 252 1018; x_wconf 91' lang='lat'><strong>(3)</strong></span> <span class='ocrx_word' id='word_1_88' title='bbox 274 967 528 1011; x_wconf 87' lang='lat' dir='ltr'><strong>Occurretur</strong></span> <span class='ocrx_word' id='word_1_89' title='bbox 548 970 724 1012; x_wconf 83' lang='lat' dir='ltr'><strong>forsitan</strong></span> <span class='ocrx_word' id='word_1_90' title='bbox 747 983 771 1012; x_wconf 90' lang='lat' dir='ltr'><strong>a</strong></span> <span class='ocrx_word' id='word_1_91' title='bbox 793 971 1047 1026; x_wconf 88' lang='lat' dir='ltr'><strong>quibusdam</strong></span> <span class='ocrx_word' id='word_1_92' title='bbox 1070 972 1304 1017; x_wconf 83' lang='lat' dir='ltr'><strong>dicentibus</strong></span> <span class='ocrx_word' id='word_1_93' title='bbox 1320 1006 1331 1028; x_wconf 90' lang='lat'>‚</span> <span class='ocrx_word' id='word_1_94' title='bbox 1364 977 1521 1019; x_wconf 89' lang='lat' dir='ltr'><strong>articu-</strong></span> 
     </span>
     <span class='ocr_line' id='line_1_13' title="bbox 113 1036 1521 1102; baseline 0.009 -25"><span class='ocrx_word' id='word_1_95' title='bbox 113 1036 202 1078; x_wconf 91' lang='lat' dir='ltr'><strong>lum</strong></span> <span class='ocrx_word' id='word_1_96' title='bbox 217 1037 330 1080; x_wconf 93' lang='lat' dir='ltr'><strong>hunc</strong></span> <span class='ocrx_word' id='word_1_97' title='bbox 351 1042 544 1092; x_wconf 68' lang='grc' dir='ltr'>ὁμοούσιον</span> <span class='ocrx_word' id='word_1_98' title='bbox 559 1047 638 1094; x_wconf 66' lang='grc' dir='ltr'><strong>ἡμῖν</strong></span> <span class='ocrx_word' id='word_1_99' title='bbox 652 1043 857 1084; x_wconf 88' lang='lat' dir='ltr'><strong>sancitum</strong></span> <span class='ocrx_word' id='word_1_100' title='bbox 872 1055 959 1084; x_wconf 89' lang='lat' dir='ltr'><strong>esse</strong></span> <span class='ocrx_word' id='word_1_101' title='bbox 975 1043 1029 1084; x_wconf 90' lang='lat' dir='ltr'><strong>ab</strong></span> <span class='ocrx_word' id='word_1_102' title='bbox 1045 1044 1226 1087; x_wconf 80' lang='lat' dir='ltr'><strong>Ecclesia</strong></span> <span class='ocrx_word' id='word_1_103' title='bbox 1240 1058 1335 1087; x_wconf 90' lang='lat' dir='ltr'><strong>cum</strong></span> <span class='ocrx_word' id='word_1_104' title='bbox 1353 1047 1384 1088; x_wconf 89' lang='grc' dir='ltr'><strong>Α</strong></span> <span class='ocrx_word' id='word_1_105' title='bbox 1390 1048 1521 1102; x_wconf 88' lang='lat' dir='ltr'><strong>polli-</strong></span> 
     </span>
     <span class='ocr_line' id='line_1_14' title="bbox 114 1109 1520 1169; baseline 0.008 -21"><span class='ocrx_word' id='word_1_106' title='bbox 114 1109 280 1150; x_wconf 89' lang='lat' dir='ltr'><strong>naristis</strong></span> <span class='ocrx_word' id='word_1_107' title='bbox 302 1111 553 1166; x_wconf 84' lang='lat' dir='ltr'><strong>confligente</strong></span> <span class='ocrx_word' id='word_1_108' title='bbox 572 1127 583 1166; x_wconf 92' lang='lat'>;</span> <span class='ocrx_word' id='word_1_109' title='bbox 608 1115 704 1168; x_wconf 89' lang='lat' dir='ltr'><strong>qui,</strong></span> <span class='ocrx_word' id='word_1_110' title='bbox 726 1118 832 1155; x_wconf 90' lang='lat' dir='ltr'><strong>teste</strong></span> <span class='ocrx_word' id='word_1_111' title='bbox 846 1113 1074 1156; x_wconf 84' lang='lat' dir='ltr'><strong>Athanasio</strong></span> <span class='ocrx_word' id='word_1_112' title='bbox 1095 1117 1150 1156; x_wconf 83' lang='lat' dir='ltr'><strong>ad</strong></span> <span class='ocrx_word' id='word_1_113' title='bbox 1170 1118 1371 1169; x_wconf 73' lang='lat' dir='ltr'><strong>Epiet.2.‚</strong></span> <span class='ocrx_word' id='word_1_114' title='bbox 1395 1119 1520 1160; x_wconf 90' lang='lat' dir='ltr'><strong>Chri-</strong></span> 
     </span>
     <span class='ocr_line' id='line_1_15' title="bbox 114 1179 1521 1240; baseline 0.009 -20"><span class='ocrx_word' id='word_1_115' title='bbox 114 1179 168 1219; x_wconf 87' lang='lat' dir='ltr'><strong>sti</strong></span> <span class='ocrx_word' id='word_1_116' title='bbox 189 1192 344 1235; x_wconf 89' lang='lat' dir='ltr'><strong>corpus</strong></span> <span class='ocrx_word' id='word_1_117' title='bbox 363 1183 579 1226; x_wconf 89' lang='lat' dir='ltr'><strong>Divinitati</strong></span> <span class='ocrx_word' id='word_1_118' title='bbox 600 1185 954 1227; x_wconf 87' lang='lat' dir='ltr'><strong>consubstantiale</strong></span> <span class='ocrx_word' id='word_1_119' title='bbox 971 1198 1058 1227; x_wconf 78' lang='lat' dir='ltr'><strong>esse</strong></span> <span class='ocrx_word' id='word_1_120' title='bbox 1070 1185 1298 1240; x_wconf 88' lang='lat' dir='ltr'><strong>jactabant.</strong></span> <span class='ocrx_word' id='word_1_121' title='bbox 1322 1189 1521 1233; x_wconf 90' lang='lat' dir='ltr'><strong>Concedo</strong></span> 
     </span>
     <span class='ocr_line' id='line_1_16' title="bbox 114 1251 1522 1312; baseline 0.01 -22"><span class='ocrx_word' id='word_1_122' title='bbox 114 1251 286 1305; x_wconf 83' lang='lat' dir='ltr'><strong>utique3</strong></span> <span class='ocrx_word' id='word_1_123' title='bbox 308 1253 383 1295; x_wconf 91' lang='lat' dir='ltr'><strong>sed</strong></span> <span class='ocrx_word' id='word_1_124' title='bbox 403 1266 500 1296; x_wconf 91' lang='lat' dir='ltr'><strong>cum</strong></span> <span class='ocrx_word' id='word_1_125' title='bbox 518 1256 859 1310; x_wconf 88' lang='lat' dir='ltr'><strong>Apollinaristae‚</strong></span> <span class='ocrx_word' id='word_1_126' title='bbox 878 1256 1015 1307; x_wconf 90' lang='lat' dir='ltr'><strong>brevi,</strong></span> <span class='ocrx_word' id='word_1_127' title='bbox 1037 1257 1192 1311; x_wconf 84' lang='lat' dir='ltr'><strong>dogma</strong></span> <span class='ocrx_word' id='word_1_128' title='bbox 1204 1258 1284 1312; x_wconf 91' lang='lat' dir='ltr'><strong>ipsi</strong></span> <span class='ocrx_word' id='word_1_129' title='bbox 1307 1272 1429 1302; x_wconf 90' lang='lat' dir='ltr'><strong>suum</strong></span> <span class='ocrx_word' id='word_1_130' title='bbox 1446 1261 1522 1303; x_wconf 94' lang='lat' dir='ltr'><strong>de-</strong></span> 
     </span>
     <span class='ocr_line' id='line_1_17' title="bbox 114 1323 1522 1380; baseline 0.009 -19"><span class='ocrx_word' id='word_1_131' title='bbox 114 1323 337 1376; x_wconf 87' lang='lat' dir='ltr'><strong>seruerint,</strong></span> <span class='ocrx_word' id='word_1_132' title='bbox 373 1325 550 1380; x_wconf 89' lang='lat' dir='ltr'><strong>(Epiph.</strong></span> <span class='ocrx_word' id='word_1_133' title='bbox 579 1329 702 1367; x_wconf 84' lang='lat' dir='ltr'><strong>Haer.</strong></span> <span class='ocrx_word' id='word_1_134' title='bbox 732 1329 803 1380; x_wconf 85' lang='lat'><strong>77,</strong></span> <span class='ocrx_word' id='word_1_135' title='bbox 830 1328 928 1379; x_wconf 82' lang='lat'><strong>25.)</strong></span> <span class='ocrx_word' id='word_1_136' title='bbox 960 1339 1048 1369; x_wconf 90' lang='lat' dir='ltr'><strong>non</strong></span> <span class='ocrx_word' id='word_1_137' title='bbox 1077 1340 1239 1370; x_wconf 88' lang='lat' dir='ltr'><strong>necesse</strong></span> <span class='ocrx_word' id='word_1_138' title='bbox 1269 1329 1419 1372; x_wconf 87' lang='lat' dir='ltr'><strong>habuit</strong></span> <span class='ocrx_word' id='word_1_139' title='bbox 1441 1333 1522 1374; x_wconf 91' lang='lat' dir='ltr'><strong>Ec-</strong></span> 
     </span>
     <span class='ocr_line' id='line_1_18' title="bbox 114 1391 1519 1457; baseline 0.009 -26"><span class='ocrx_word' id='word_1_140' title='bbox 114 1391 239 1433; x_wconf 90' lang='lat' dir='ltr'><strong>clesia</strong></span> <span class='ocrx_word' id='word_1_141' title='bbox 269 1397 466 1438; x_wconf 85' lang='lat' dir='ltr'><strong>tesseram</strong></span> <span class='ocrx_word' id='word_1_142' title='bbox 493 1397 676 1452; x_wconf 87' lang='lat' dir='ltr'><strong>aliquam</strong></span> <span class='ocrx_word' id='word_1_143' title='bbox 705 1397 804 1439; x_wconf 89' lang='lat' dir='ltr'><strong>fidei</strong></span> <span class='ocrx_word' id='word_1_144' title='bbox 833 1402 983 1440; x_wconf 90' lang='lat' dir='ltr'><strong>contra</strong></span> <span class='ocrx_word' id='word_1_145' title='bbox 1010 1398 1230 1453; x_wconf 88' lang='lat' dir='ltr'><strong>perfidiam</strong></span> <span class='ocrx_word' id='word_1_146' title='bbox 1248 1412 1395 1443; x_wconf 90' lang='lat' dir='ltr'><strong>eorum</strong></span> <span class='ocrx_word' id='word_1_147' title='bbox 1414 1415 1519 1457; x_wconf 88' lang='lat' dir='ltr'><strong>pro-</strong></span> 
     </span>
     <span class='ocr_line' id='line_1_19' title="bbox 114 1461 1522 1523; baseline 0.009 -21"><span class='ocrx_word' id='word_1_148' title='bbox 114 1461 227 1503; x_wconf 84' lang='lat' dir='ltr'><strong>ferri.</strong></span> <span class='ocrx_word' id='word_1_149' title='bbox 261 1465 420 1508; x_wconf 84' lang='lat' dir='ltr'><strong>Ambae</strong></span> <span class='ocrx_word' id='word_1_150' title='bbox 451 1470 609 1523; x_wconf 89' lang='lat' dir='ltr'><strong>quippe</strong></span> <span class='ocrx_word' id='word_1_151' title='bbox 629 1469 1027 1523; x_wconf 82' lang='lat' dir='ltr'><strong>Apollinaristarum</strong></span> <span class='ocrx_word' id='word_1_152' title='bbox 1045 1474 1181 1512; x_wconf 88' lang='lat' dir='ltr'><strong>sectae</strong></span> <span class='ocrx_word' id='word_1_153' title='bbox 1202 1471 1399 1514; x_wconf 80' lang='lat' dir='ltr'><strong>videntur</strong></span> <span class='ocrx_word' id='word_1_154' title='bbox 1414 1475 1522 1516; x_wconf 88' lang='lat' dir='ltr'><strong>inter</strong></span> 
     </span>
     <span class='ocr_line' id='line_1_20' title="bbox 114 1538 1523 1593; baseline 0.011 -21"><span class='ocrx_word' id='word_1_155' title='bbox 114 1544 157 1573; x_wconf 92' lang='lat' dir='ltr'><strong>se</strong></span> <span class='ocrx_word' id='word_1_156' title='bbox 188 1538 441 1579; x_wconf 89' lang='lat' dir='ltr'><strong>consensisse</strong></span> <span class='ocrx_word' id='word_1_157' title='bbox 470 1539 514 1580; x_wconf 88' lang='lat' dir='ltr'><strong>in</strong></span> <span class='ocrx_word' id='word_1_158' title='bbox 545 1540 721 1582; x_wconf 84' lang='lat' dir='ltr'><strong>articulo</strong></span> <span class='ocrx_word' id='word_1_159' title='bbox 755 1542 943 1593; x_wconf 73' lang='grc' dir='ltr'><strong>ὁμοούσιον</strong></span> <span class='ocrx_word' id='word_1_160' title='bbox 975 1547 1051 1592; x_wconf 66' lang='grc' dir='ltr'><strong>ἡμῖν</strong></span> <span class='ocrx_word' id='word_1_161' title='bbox 1090 1541 1221 1583; x_wconf 88' lang='lat' dir='ltr'><strong>verbo</strong></span> <span class='ocrx_word' id='word_1_162' title='bbox 1257 1547 1379 1585; x_wconf 90' lang='lat' dir='ltr'><strong>tenus</strong></span> <span class='ocrx_word' id='word_1_163' title='bbox 1414 1547 1523 1587; x_wconf 89' lang='lat' dir='ltr'><strong>reci-</strong></span> 
     </span>
     <span class='ocr_line' id='line_1_21' title="bbox 113 1603 1523 1667; baseline 0.009 -23"><span class='ocrx_word' id='word_1_164' title='bbox 113 1603 295 1658; x_wconf 89' lang='lat' dir='ltr'><strong>piend0‚</strong></span> <span class='ocrx_word' id='word_1_165' title='bbox 327 1608 372 1649; x_wconf 92' lang='lat' dir='ltr'><strong>id</strong></span> <span class='ocrx_word' id='word_1_166' title='bbox 401 1609 539 1652; x_wconf 91' lang='lat' dir='ltr'><strong>solum</strong></span> <span class='ocrx_word' id='word_1_167' title='bbox 570 1612 853 1666; x_wconf 83' lang='lat' dir='ltr'><strong>exagitantes,</strong></span> <span class='ocrx_word' id='word_1_168' title='bbox 885 1617 1029 1654; x_wconf 87' lang='lat' dir='ltr'><strong>utrum</strong></span> <span class='ocrx_word' id='word_1_169' title='bbox 1059 1612 1111 1654; x_wconf 87' lang='lat' dir='ltr'><strong>de</strong></span> <span class='ocrx_word' id='word_1_170' title='bbox 1142 1625 1322 1667; x_wconf 89' lang='lat' dir='ltr'><strong>corpore</strong></span> <span class='ocrx_word' id='word_1_171' title='bbox 1352 1615 1523 1661; x_wconf 84' lang='lat' dir='ltr'><strong>Domini</strong></span> 
     </span>
     <span class='ocr_line' id='line_1_22' title="bbox 110 1670 1518 1739; baseline 0.009 -24"><span class='ocrx_word' id='word_1_172' title='bbox 110 1670 198 1726; x_wconf 89' lang='lat' dir='ltr'><strong>jam</strong></span> <span class='ocrx_word' id='word_1_173' title='bbox 215 1687 310 1718; x_wconf 92' lang='lat' dir='ltr'><strong>cum</strong></span> <span class='ocrx_word' id='word_1_174' title='bbox 327 1679 555 1723; x_wconf 85' lang='lat' dir='ltr'><strong>Divinitate</strong></span> <span class='ocrx_word' id='word_1_175' title='bbox 572 1683 692 1724; x_wconf 88' lang='lat' dir='ltr'><strong>unito</strong></span> <span class='ocrx_word' id='word_1_176' title='bbox 703 1714 714 1735; x_wconf 85' lang='lat'><strong>,</strong></span> <span class='ocrx_word' id='word_1_177' title='bbox 733 1688 877 1737; x_wconf 90' lang='lat' dir='ltr'><strong>posset</strong></span> <span class='ocrx_word' id='word_1_178' title='bbox 891 1683 962 1725; x_wconf 93' lang='lat' dir='ltr'><strong>ille</strong></span> <span class='ocrx_word' id='word_1_179' title='bbox 978 1683 1232 1738; x_wconf 88' lang='lat' dir='ltr'><strong>praedicari,</strong></span> <span class='ocrx_word' id='word_1_180' title='bbox 1252 1697 1407 1739; x_wconf 90' lang='lat' dir='ltr'><strong>necne;</strong></span> <span class='ocrx_word' id='word_1_181' title='bbox 1430 1688 1518 1730; x_wconf 83' lang='lat' dir='ltr'><strong>vid.</strong></span> 
     </span>
     <span class='ocr_line' id='line_1_23' title="bbox 113 1743 1523 1804; baseline 0.011 -19"><span class='ocrx_word' id='word_1_182' title='bbox 113 1743 315 1788; x_wconf 83' lang='lat' dir='ltr'><strong>Leont.de</strong></span> <span class='ocrx_word' id='word_1_183' title='bbox 323 1750 648 1804; x_wconf 75' lang='lat' dir='ltr'><strong>sraud.Apollin.</strong></span> <span class='ocrx_word' id='word_1_184' title='bbox 660 1755 856 1796; x_wconf 85' lang='lat' dir='ltr'><strong>Attamen</strong></span> <span class='ocrx_word' id='word_1_185' title='bbox 870 1755 1054 1796; x_wconf 86' lang='lat' dir='ltr'><strong>occurrit</strong></span> <span class='ocrx_word' id='word_1_186' title='bbox 1069 1758 1181 1796; x_wconf 88' lang='lat' dir='ltr'><strong>certe</strong></span> <span class='ocrx_word' id='word_1_187' title='bbox 1197 1754 1381 1800; x_wconf 85' lang='lat' dir='ltr'><strong>formula</strong></span> <span class='ocrx_word' id='word_1_188' title='bbox 1395 1758 1468 1800; x_wconf 90' lang='lat' dir='ltr'><strong>illa</strong></span> <span class='ocrx_word' id='word_1_189' title='bbox 1479 1761 1523 1802; x_wconf 93' lang='lat' dir='ltr'><strong>in</strong></span> 
     </span>
     <span class='ocr_line' id='line_1_24' title="bbox 115 1819 1522 1877; baseline 0.008 -18"><span class='ocrx_word' id='word_1_190' title='bbox 115 1819 375 1862; x_wconf 80' lang='lat' dir='ltr'><strong>confessione</strong></span> <span class='ocrx_word' id='word_1_191' title='bbox 392 1823 414 1863; x_wconf 90' lang='lat' dir='ltr'>J</span> <span class='ocrx_word' id='word_1_192' title='bbox 419 1825 565 1865; x_wconf 90' lang='lat' dir='ltr'><strong>oannis</strong></span> <span class='ocrx_word' id='word_1_193' title='bbox 578 1825 830 1866; x_wconf 89' lang='lat' dir='ltr'><strong>Antiocheni</strong></span> <span class='ocrx_word' id='word_1_194' title='bbox 844 1856 856 1877; x_wconf 92' lang='lat'><strong>,</strong></span> <span class='ocrx_word' id='word_1_195' title='bbox 882 1826 982 1867; x_wconf 90' lang='lat' dir='ltr'><strong>circ.</strong></span> <span class='ocrx_word' id='word_1_196' title='bbox 999 1838 1067 1867; x_wconf 91' lang='lat' dir='ltr'><strong>an.</strong></span> <span class='ocrx_word' id='word_1_197' title='bbox 1085 1828 1185 1867; x_wconf 73' lang='lat'><strong>431.</strong></span> <span class='ocrx_word' id='word_1_198' title='bbox 1207 1827 1369 1870; x_wconf 87' lang='lat' dir='ltr'><strong>Rustic.</strong></span> <span class='ocrx_word' id='word_1_199' title='bbox 1389 1836 1522 1872; x_wconf 79' lang='lat' dir='ltr'><strong>contra</strong></span> 
     </span>
     <span class='ocr_line' id='line_1_25' title="bbox 114 1892 1522 1955; baseline 0.008 -24"><span class='ocrx_word' id='word_1_200' title='bbox 114 1892 263 1943; x_wconf 71' lang='lat' dir='ltr'><strong>Aceph.</strong></span> <span class='ocrx_word' id='word_1_201' title='bbox 297 1905 342 1946; x_wconf 89' lang='lat' dir='ltr'><strong>p.</strong></span> <span class='ocrx_word' id='word_1_202' title='bbox 379 1895 478 1936; x_wconf 84' lang='lat'><strong>799.</strong></span> <span class='ocrx_word' id='word_1_203' title='bbox 514 1900 556 1936; x_wconf 87' lang='lat' dir='ltr'><strong>et</strong></span> <span class='ocrx_word' id='word_1_204' title='bbox 586 1896 706 1947; x_wconf 88' lang='lat' dir='ltr'><strong>alibi,</strong></span> <span class='ocrx_word' id='word_1_205' title='bbox 742 1900 790 1938; x_wconf 90' lang='lat' dir='ltr'><strong>ut</strong></span> <span class='ocrx_word' id='word_1_206' title='bbox 820 1896 976 1949; x_wconf 81' lang='lat' dir='ltr'><strong>credo3</strong></span> <span class='ocrx_word' id='word_1_207' title='bbox 1011 1909 1060 1938; x_wconf 84' lang='lat' dir='ltr'><strong>ea</strong></span> <span class='ocrx_word' id='word_1_208' title='bbox 1089 1909 1190 1939; x_wconf 85' lang='lat' dir='ltr'><strong>vero</strong></span> <span class='ocrx_word' id='word_1_209' title='bbox 1222 1911 1309 1940; x_wconf 90' lang='lat' dir='ltr'><strong>non</strong></span> <span class='ocrx_word' id='word_1_210' title='bbox 1342 1901 1522 1955; x_wconf 89' lang='lat' dir='ltr'><strong>amplius</strong></span> 
     </span>
     <span class='ocr_line' id='line_1_26' title="bbox 117 1961 1523 2023; baseline 0.008 -21"><span class='ocrx_word' id='word_1_211' title='bbox 117 1961 189 2003; x_wconf 80' lang='lat'><strong>21.</strong></span> <span class='ocrx_word' id='word_1_212' title='bbox 214 1964 332 2005; x_wconf 91' lang='lat' dir='ltr'><strong>annis</strong></span> <span class='ocrx_word' id='word_1_213' title='bbox 355 1969 574 2008; x_wconf 89' lang='lat' dir='ltr'><strong>antecessit</strong></span> <span class='ocrx_word' id='word_1_214' title='bbox 597 1967 784 2009; x_wconf 87' lang='lat' dir='ltr'><strong>Concilio</strong></span> <span class='ocrx_word' id='word_1_215' title='bbox 802 1967 1149 2021; x_wconf 87' lang='lat' dir='ltr'><strong>Chalcedonensi,</strong></span> <span class='ocrx_word' id='word_1_216' title='bbox 1164 1981 1187 2010; x_wconf 89' lang='lat' dir='ltr'><strong>a</strong></span> <span class='ocrx_word' id='word_1_217' title='bbox 1204 1981 1290 2023; x_wconf 89' lang='lat' dir='ltr'><strong>quo</strong></span> <span class='ocrx_word' id='word_1_218' title='bbox 1311 1971 1420 2013; x_wconf 90' lang='lat' dir='ltr'><strong>inter</strong></span> <span class='ocrx_word' id='word_1_219' title='bbox 1431 1972 1523 2014; x_wconf 87' lang='lat' dir='ltr'><strong>for-</strong></span> 
     </span>
     <span class='ocr_line' id='line_1_27' title="bbox 114 2031 1224 2092; baseline 0.007 -20"><span class='ocrx_word' id='word_1_220' title='bbox 114 2031 248 2074; x_wconf 91' lang='lat' dir='ltr'><strong>mulas</strong></span> <span class='ocrx_word' id='word_1_221' title='bbox 278 2034 484 2078; x_wconf 88' lang='lat' dir='ltr'><strong>Ecclesiae</strong></span> <span class='ocrx_word' id='word_1_222' title='bbox 513 2037 585 2079; x_wconf 90' lang='lat' dir='ltr'><strong>illa</strong></span> <span class='ocrx_word' id='word_1_223' title='bbox 617 2039 806 2090; x_wconf 71' lang='grc' dir='ltr'>ὸμοούσιον</span> <span class='ocrx_word' id='word_1_224' title='bbox 838 2045 917 2090; x_wconf 69' lang='grc' dir='ltr'><strong>ἡμῖν</strong></span> <span class='ocrx_word' id='word_1_225' title='bbox 947 2043 1118 2092; x_wconf 88' lang='lat' dir='ltr'><strong>recepta</strong></span> <span class='ocrx_word' id='word_1_226' title='bbox 1147 2043 1224 2080; x_wconf 90' lang='lat' dir='ltr'><strong>est.</strong></span> 
     </span>
    </p>

    <p class='ocr_par' dir='ltr' id='par_1_4' title="bbox 114 2104 1524 2736">
     <span class='ocr_line' id='line_1_28' title="bbox 205 2104 1522 2164; baseline 0.008 -20"><span class='ocrx_word' id='word_1_227' title='bbox 205 2104 257 2155; x_wconf 77' lang='lat'><strong>(4)</strong></span> <span class='ocrx_word' id='word_1_228' title='bbox 288 2106 510 2149; x_wconf 89' lang='lat' dir='ltr'><strong>Enimvero</strong></span> <span class='ocrx_word' id='word_1_229' title='bbox 552 2113 699 2151; x_wconf 88' lang='lat' dir='ltr'><strong>contra</strong></span> <span class='ocrx_word' id='word_1_230' title='bbox 736 2110 1130 2164; x_wconf 86' lang='lat' dir='ltr'><strong>Apollinaristarum</strong></span> <span class='ocrx_word' id='word_1_231' title='bbox 1169 2112 1358 2163; x_wconf 67' lang='grc' dir='ltr'>ὀμοούσιον</span> <span class='ocrx_word' id='word_1_232' title='bbox 1381 2117 1522 2157; x_wconf 78' lang='grc' dir='ltr'>θεότητι</span> 
     </span>
     <span class='ocr_line' id='line_1_29' title="bbox 116 2174 1522 2238; baseline 0.01 -24"><span class='ocrx_word' id='word_1_233' title='bbox 116 2174 310 2217; x_wconf 90' lang='lat' dir='ltr'><strong>usitatius</strong></span> <span class='ocrx_word' id='word_1_234' title='bbox 333 2181 395 2218; x_wconf 91' lang='lat' dir='ltr'><strong>est</strong></span> <span class='ocrx_word' id='word_1_235' title='bbox 414 2178 458 2220; x_wconf 88' lang='lat' dir='ltr'><strong>in</strong></span> <span class='ocrx_word' id='word_1_236' title='bbox 477 2180 642 2234; x_wconf 90' lang='lat' dir='ltr'><strong>scriptis</strong></span> <span class='ocrx_word' id='word_1_237' title='bbox 659 2182 846 2236; x_wconf 88' lang='lat' dir='ltr'><strong>Patrum,</strong></span> <span class='ocrx_word' id='word_1_238' title='bbox 867 2193 955 2223; x_wconf 92' lang='lat' dir='ltr'><strong>non</strong></span> <span class='ocrx_word' id='word_1_239' title='bbox 977 2182 1166 2233; x_wconf 72' lang='grc' dir='ltr'>ὸμοούσιον</span> <span class='ocrx_word' id='word_1_240' title='bbox 1185 2187 1280 2235; x_wconf 78' lang='grc' dir='ltr'><strong>ἡμῖν,</strong></span> <span class='ocrx_word' id='word_1_241' title='bbox 1297 2184 1370 2227; x_wconf 90' lang='lat' dir='ltr'><strong>sed</strong></span> <span class='ocrx_word' id='word_1_242' title='bbox 1389 2190 1522 2238; x_wconf 77' lang='grc' dir='ltr'><strong>ὁμοσύ-</strong></span> 
     </span>
     <span class='ocr_line' id='line_1_30' title="bbox 116 2249 1524 2312; baseline 0.012 -30"><span class='ocrx_word' id='word_1_243' title='bbox 116 2261 196 2283; x_wconf 69' lang='grc' dir='ltr'><strong><em>σιον</em></strong></span> <span class='ocrx_word' id='word_1_244' title='bbox 223 2253 357 2300; x_wconf 73' lang='grc' dir='ltr'>Μαρίᾳ.</span> <span class='ocrx_word' id='word_1_245' title='bbox 385 2249 550 2292; x_wconf 86' lang='lat' dir='ltr'><strong>Scilicet</strong></span> <span class='ocrx_word' id='word_1_246' title='bbox 569 2251 912 2307; x_wconf 87' lang='lat' dir='ltr'><strong>Amphilochius,</strong></span> <span class='ocrx_word' id='word_1_247' title='bbox 934 2253 1054 2308; x_wconf 90' lang='lat' dir='ltr'><strong>quasi</strong></span> <span class='ocrx_word' id='word_1_248' title='bbox 1084 2266 1288 2296; x_wconf 87' lang='lat' dir='ltr'><strong>summam</strong></span> <span class='ocrx_word' id='word_1_249' title='bbox 1308 2256 1370 2297; x_wconf 88' lang='lat' dir='ltr'><strong>rei</strong></span> <span class='ocrx_word' id='word_1_250' title='bbox 1389 2258 1524 2312; x_wconf 86' lang='lat' dir='ltr'><strong>expli-</strong></span> 
     </span>
     <span class='ocr_line' id='line_1_31' title="bbox 116 2319 1520 2382; baseline 0.009 -25"><span class='ocrx_word' id='word_1_251' title='bbox 116 2328 214 2358; x_wconf 90' lang='lat' dir='ltr'><strong>cans</strong></span> <span class='ocrx_word' id='word_1_252' title='bbox 229 2349 241 2371; x_wconf 91' lang='lat'><strong>,</strong></span> <span class='ocrx_word' id='word_1_253' title='bbox 274 2336 290 2353; x_wconf 88' lang='lat'>«</span> <span class='ocrx_word' id='word_1_254' title='bbox 311 2319 501 2374; x_wconf 86' lang='lat' dir='ltr'><strong>Apparet</strong></span> <span class='ocrx_word' id='word_1_255' title='bbox 527 2326 663 2376; x_wconf 88' lang='lat' dir='ltr'><strong>certe,</strong></span> <span class='ocrx_word' id='word_1_256' title='bbox 687 2342 701 2358; x_wconf 90' lang='lat'>»</span> <span class='ocrx_word' id='word_1_257' title='bbox 737 2323 882 2365; x_wconf 88' lang='lat' dir='ltr'><strong>scribit</strong></span> <span class='ocrx_word' id='word_1_258' title='bbox 898 2354 909 2376; x_wconf 91' lang='lat'><strong><em>‚</em></strong></span> <span class='ocrx_word' id='word_1_259' title='bbox 948 2328 1150 2366; x_wconf 89' lang='lat' dir='ltr'><strong>«sanctos</strong></span> <span class='ocrx_word' id='word_1_260' title='bbox 1174 2326 1320 2368; x_wconf 90' lang='lat' dir='ltr'><strong>Patres</strong></span> <span class='ocrx_word' id='word_1_261' title='bbox 1348 2326 1520 2382; x_wconf 83' lang='lat' dir='ltr'><strong>dixisse,</strong></span> 
     </span>
     <span class='ocr_line' id='line_1_32' title="bbox 114 2386 1524 2451; baseline 0.008 -22"><span class='ocrx_word' id='word_1_262' title='bbox 114 2386 266 2430; x_wconf 85' lang='lat' dir='ltr'><strong>Filium</strong></span> <span class='ocrx_word' id='word_1_263' title='bbox 284 2402 371 2431; x_wconf 90' lang='lat' dir='ltr'><strong>esse</strong></span> <span class='ocrx_word' id='word_1_264' title='bbox 390 2392 788 2435; x_wconf 88' lang='lat' dir='ltr'><strong>consubstantialem</strong></span> <span class='ocrx_word' id='word_1_265' title='bbox 805 2395 917 2436; x_wconf 89' lang='lat' dir='ltr'><strong>Patri</strong></span> <span class='ocrx_word' id='word_1_266' title='bbox 929 2395 1160 2437; x_wconf 90' lang='lat' dir='ltr'><strong>secundum</strong></span> <span class='ocrx_word' id='word_1_267' title='bbox 1174 2395 1434 2440; x_wconf 88' lang='lat' dir='ltr'><strong>divinitatem</strong></span> <span class='ocrx_word' id='word_1_268' title='bbox 1446 2429 1459 2451; x_wconf 91' lang='lat'><strong>,</strong></span> <span class='ocrx_word' id='word_1_269' title='bbox 1482 2404 1524 2442; x_wconf 89' lang='lat' dir='ltr'><strong>et</strong></span> 
     </span>
     <span class='ocr_line' id='line_1_33' title="bbox 114 2461 1518 2522; baseline 0.009 -24"><span class='ocrx_word' id='word_1_270' title='bbox 114 2461 478 2504; x_wconf 78' lang='lat' dir='ltr'><strong>consubstantialem</strong></span> <span class='ocrx_word' id='word_1_271' title='bbox 497 2466 623 2505; x_wconf 82' lang='lat' dir='ltr'><strong>Matri</strong></span> <span class='ocrx_word' id='word_1_272' title='bbox 653 2465 884 2507; x_wconf 90' lang='lat' dir='ltr'><strong>secundum</strong></span> <span class='ocrx_word' id='word_1_273' title='bbox 918 2465 1234 2509; x_wconf 83' lang='lat' dir='ltr'><strong>humanitatem.</strong></span> <span class='ocrx_word' id='word_1_274' title='bbox 1257 2486 1272 2502; x_wconf 75' lang='grc' dir='ltr'><strong>»ι</strong></span> <span class='ocrx_word' id='word_1_275' title='bbox 1300 2480 1370 2522; x_wconf 90' lang='lat' dir='ltr'><strong>ap.</strong></span> <span class='ocrx_word' id='word_1_276' title='bbox 1390 2468 1518 2511; x_wconf 92' lang='lat' dir='ltr'><strong>Phot.</strong></span> 
     </span>
     <span class='ocr_line' id='line_1_34' title="bbox 116 2530 1517 2593; baseline 0.011 -25"><span class='ocrx_word' id='word_1_277' title='bbox 116 2530 224 2571; x_wconf 82' lang='lat' dir='ltr'><strong>Bibl.</strong></span> <span class='ocrx_word' id='word_1_278' title='bbox 244 2533 396 2585; x_wconf 87' lang='lat' dir='ltr'><strong>p.789.</strong></span> <span class='ocrx_word' id='word_1_279' title='bbox 416 2535 592 2577; x_wconf 90' lang='lat' dir='ltr'><strong>Proclus</strong></span> <span class='ocrx_word' id='word_1_280' title='bbox 605 2567 617 2589; x_wconf 94' lang='lat'><strong>,</strong></span> <span class='ocrx_word' id='word_1_281' title='bbox 636 2549 722 2579; x_wconf 88' lang='lat' dir='ltr'><strong>non</strong></span> <span class='ocrx_word' id='word_1_282' title='bbox 737 2547 784 2589; x_wconf 80' lang='grc' dir='ltr'><strong>τῷ</strong></span> <span class='ocrx_word' id='word_1_283' title='bbox 800 2539 1003 2590; x_wconf 78' lang='grc' dir='ltr'>ὁμοούσιον,</span> <span class='ocrx_word' id='word_1_284' title='bbox 1019 2536 1094 2580; x_wconf 90' lang='lat' dir='ltr'><strong>sed</strong></span> <span class='ocrx_word' id='word_1_285' title='bbox 1112 2541 1163 2589; x_wconf 79' lang='grc' dir='ltr'><strong>τῷ</strong></span> <span class='ocrx_word' id='word_1_286' title='bbox 1182 2542 1355 2591; x_wconf 69' lang='grc' dir='ltr'>ὁμόφυλον</span> <span class='ocrx_word' id='word_1_287' title='bbox 1370 2540 1517 2593; x_wconf 87' lang='lat' dir='ltr'><strong>utitur,</strong></span> 
     </span>
     <span class='ocr_line' id='line_1_35' title="bbox 116 2598 1521 2665; baseline 0.007 -24"><span class='ocrx_word' id='word_1_288' title='bbox 116 2598 283 2654; x_wconf 88' lang='lat' dir='ltr'><strong>adjecto</strong></span> <span class='ocrx_word' id='word_1_289' title='bbox 318 2607 460 2647; x_wconf 90' lang='lat' dir='ltr'><strong>tamen</strong></span> <span class='ocrx_word' id='word_1_290' title='bbox 506 2625 522 2642; x_wconf 77' lang='grc' dir='ltr'><strong>«ι</strong></span> <span class='ocrx_word' id='word_1_291' title='bbox 541 2607 739 2662; x_wconf 87' lang='lat' dir='ltr'><strong>Virgine,</strong></span> <span class='ocrx_word' id='word_1_292' title='bbox 762 2629 777 2644; x_wconf 79' lang='grc' dir='ltr'><strong>υ</strong></span> <span class='ocrx_word' id='word_1_293' title='bbox 819 2621 907 2651; x_wconf 93' lang='lat' dir='ltr'><strong>non</strong></span> <span class='ocrx_word' id='word_1_294' title='bbox 943 2628 958 2644; x_wconf 71' lang='grc' dir='ltr'><strong>α</strong></span> <span class='ocrx_word' id='word_1_295' title='bbox 977 2609 1121 2663; x_wconf 91' lang='lat' dir='ltr'><strong>nobis;</strong></span> <span class='ocrx_word' id='word_1_296' title='bbox 1147 2629 1162 2645; x_wconf 88' lang='lat'>»</span> <span class='ocrx_word' id='word_1_297' title='bbox 1207 2613 1260 2662; x_wconf 72' lang='grc' dir='ltr'><strong>τῷ</strong></span> <span class='ocrx_word' id='word_1_298' title='bbox 1285 2618 1394 2665; x_wconf 77' lang='grc' dir='ltr'>πατρὶ</span> <span class='ocrx_word' id='word_1_299' title='bbox 1427 2617 1521 2651; x_wconf 70' lang='grc' dir='ltr'><strong><em>κατὰ</em></strong></span> 
     </span>
     <span class='ocr_line' id='line_1_36' title="bbox 116 2677 1519 2736; baseline 0.009 -27"><span class='ocrx_word' id='word_1_300' title='bbox 116 2679 178 2715; x_wconf 73' lang='grc' dir='ltr'><strong>τὴν</strong></span> <span class='ocrx_word' id='word_1_301' title='bbox 211 2677 363 2717; x_wconf 76' lang='grc' dir='ltr'><strong><em>θεότητα</em></strong></span> <span class='ocrx_word' id='word_1_302' title='bbox 394 2681 607 2729; x_wconf 55' lang='lat' dir='ltr'><strong>agnoscam,</strong></span> <span class='ocrx_word' id='word_1_303' title='bbox 648 2683 758 2726; x_wconf 74' lang='grc' dir='ltr'><strong>οὕτως</strong></span> <span class='ocrx_word' id='word_1_304' title='bbox 791 2685 808 2720; x_wconf 87' lang='grc' dir='ltr'><strong>ὀ</strong></span> <span class='ocrx_word' id='word_1_305' title='bbox 840 2684 947 2726; x_wconf 75' lang='grc' dir='ltr'><strong><em>αὐτὸς</em></strong></span> <span class='ocrx_word' id='word_1_306' title='bbox 979 2689 1036 2722; x_wconf 73' lang='grc' dir='ltr'><strong>καὶ</strong></span> <span class='ocrx_word' id='word_1_307' title='bbox 1068 2691 1110 2735; x_wconf 81' lang='grc' dir='ltr'><strong>τῇ</strong></span> <span class='ocrx_word' id='word_1_308' title='bbox 1140 2687 1297 2736; x_wconf 70' lang='grc' dir='ltr'>παρθένῳ</span> <span class='ocrx_word' id='word_1_309' title='bbox 1327 2689 1423 2723; x_wconf 72' lang='grc' dir='ltr'><strong>κατὰ</strong></span> <span class='ocrx_word' id='word_1_310' title='bbox 1456 2691 1519 2727; x_wconf 74' lang='grc' dir='ltr'><strong>τὴν</strong></span> 
     </span>
    </p>
   </div>
   <div class='ocr_carea' id='block_1_2' title="bbox 117 2748 1520 2812">
    <p class='ocr_par' dir='ltr' id='par_1_5' title="bbox 117 2748 1520 2812">
     <span class='ocr_line' id='line_1_37' title="bbox 117 2748 1520 2812; baseline 0.011 -29"><span class='ocrx_word' id='word_1_311' title='bbox 117 2748 229 2799; x_wconf 76' lang='grc' dir='ltr'>σάρκα</span> <span class='ocrx_word' id='word_1_312' title='bbox 261 2752 446 2801; x_wconf 66' lang='grc' dir='ltr'><strong>ὁμόφυλος.</strong></span> <span class='ocrx_word' id='word_1_313' title='bbox 484 2751 550 2793; x_wconf 86' lang='lat' dir='ltr'><strong>Ad</strong></span> <span class='ocrx_word' id='word_1_314' title='bbox 578 2753 689 2795; x_wconf 78' lang='lat' dir='ltr'><strong>Arm.</strong></span> <span class='ocrx_word' id='word_1_315' title='bbox 725 2765 769 2808; x_wconf 89' lang='lat' dir='ltr'><strong>p.</strong></span> <span class='ocrx_word' id='word_1_316' title='bbox 803 2755 904 2796; x_wconf 88' lang='grc'><strong>618.</strong></span> <span class='ocrx_word' id='word_1_317' title='bbox 938 2758 1030 2797; x_wconf 81' lang='lat' dir='ltr'><strong>circ.</strong></span> <span class='ocrx_word' id='word_1_318' title='bbox 1069 2757 1160 2797; x_wconf 75' lang='lat' dir='ltr'><strong>init.</strong></span> <span class='ocrx_word' id='word_1_319' title='bbox 1205 2755 1301 2798; x_wconf 86' lang='lat' dir='ltr'><strong>Vid.</strong></span> <span class='ocrx_word' id='word_1_320' title='bbox 1345 2768 1520 2812; x_wconf 86' lang='lat' dir='ltr'><strong>quoque</strong></span> 
     </span>
    </p>
   </div>
  </div>
 </body>
</html>
