1950 3340
925 243 1161 289 ...43-

334 327 473 372 facere
505 325 681 385 incipit,
714 338 802 385 quo
833 330 1108 386 perspicuum
1137 330 1192 372 sit
1220 327 1318 372 illos
1348 340 1437 373 non
1466 328 1594 374 fuisse
1613 329 1757 387 prius-

335 411 465 455 quam
493 400 768 456 gignerentur
799 402 904 455 (πρὶν
935 404 1159 456 γενέσθαι);
1192 403 1236 444 αἲ,
1266 401 1455 445 Verbum
1484 414 1574 445 non
1604 403 1648 445 in
1674 403 1758 446 alio

335 472 548 527 principio
579 472 711 515 habet
741 477 790 516 ut
823 474 901 529 sit,
934 474 1015 516 nisi
1046 474 1092 516 in
1120 476 1269 529 Patre,
1303 474 1377 529 qui
1398 504 1410 528 ,
1448 477 1497 516 ut
1535 474 1604 516 isti
1633 475 1760 516 etiam

336 544 637 598 consentiunt,
671 545 872 599 principii
902 549 965 588 est
993 557 1168 600 expers;
1209 549 1260 588 ut
1291 546 1382 601 ipse
1423 556 1599 602 quoque
1630 546 1761 588 Filius

336 615 425 657 sine
454 615 664 670 principio
699 616 847 659 existat
886 617 932 658 in
963 618 1113 670 Patre,
1149 628 1174 659 a
1209 629 1297 672 quo
1337 617 1504 672 genitus
1542 621 1606 660 est
1621 648 1633 671 ‚
1672 628 1762 659 non

335 691 475 729 autem
507 691 686 730 creatus.
711 706 727 723 »
766 689 879 729 Orat.
902 700 955 741 11,
978 689 1051 731 57.
1073 689 1221 743 Neque
1251 688 1430 731 absimili
1458 689 1590 732 modo
1615 689 1764 744 dispu-

336 762 432 800 tant
447 758 518 800 alii
534 760 698 801 Patres.
718 759 910 802 Alterum
929 760 1170 815 exemplum
1190 761 1280 816 peti
1303 765 1446 816 potest
1459 773 1508 803 ex
1527 763 1679 814 Orat.1,
1692 762 1758 801 10.

335 832 411 875 ubi
426 842 506 886 pro
524 838 605 885 πρὶν
622 836 772 885 γεννηθῇ
790 832 996 887 supponit
1014 831 1266 874 Athanasius
1280 838 1363 887 πρὶν
1382 838 1530 886 nome-513
1566 837 1611 875 at
1631 831 1761 874 credo

336 904 510 946 Bullum
539 916 629 946 non
659 916 749 946 esse
781 903 1018 958 dicturum,
1053 903 1287 946 seeundum
1317 904 1592 960 hypothesim
1618 916 1760 957 suam,

338 977 485 1019 Patres
505 975 617 1018 ullos
637 976 854 1031 antiquos,
877 975 1139 1031 disputantes
1158 975 1210 1018 de
1227 976 1352 1030 Filio,
1367 977 1498 1019 verba
1511 983 1597 1029 πρὶν
1614 981 1760 1029 ποιηθῇ,

339 1053 388 1091 ut
431 1061 508 1090 sua
528 1079 540 1102 ,
583 1048 741 1090 alicubi
777 1047 1032 1091 adhibuisse.
1073 1049 1294 1102 Attamen,
1335 1067 1351 1083 «ι
1371 1049 1473 1102 Quis
1513 1049 1759 1102 hominum,

338 1122 429 1162 sive
460 1132 636 1175 graecus
667 1120 755 1162 sive
784 1119 1018 1172 barbaruS‚
1042 1137 1058 1155 »
1094 1119 1243 1162 scribit
1279 1120 1555 1174 Athanasius,
1594 1140 1610 1156 «
1634 1133 1762 1176 quem

342 1192 481 1234 Deum
500 1191 729 1233 confitetur
742 1222 753 1244 ,
775 1203 904 1233 unam
924 1203 973 1233 ex
988 1190 1117 1233 rebus
1140 1191 1290 1234 creatis
1308 1193 1417 1234 ausit
1438 1192 1574 1235 dicere
1589 1223 1600 1245 ,
1624 1196 1666 1234 et
1679 1204 1766 1234 non

339 1262 469 1305 fuisse
500 1266 725 1318 antequam
755 1261 905 1304 fieret?
929 1282 944 1297 »
984 1263 1098 1304 Orat.
1121 1275 1155 1316 1,
1188 1265 1254 1305 10.
1280 1261 1398 1305 Idem
1427 1262 1654 1319 profitetur
1673 1264 1764 1318 ipse

340 1335 491 1387 Arius,
522 1346 697 1376 suorum
721 1338 834 1376 certe
859 1333 1092 1376 verborum
1114 1334 1301 1389 optimus
1323 1335 1560 1390 interpres,
1592 1347 1689 1377 eum
1710 1334 1764 1377 ad

341 1406 570 1450 Eusebium
586 1405 859 1448 Nicomediae
876 1407 1133 1461 Episcopum
1157 1407 1360 1460 scribens,
1386 1407 1596 1450 vocabulo
1617 1412 1766 1460 γεννηθῇ

341 1482 386 1523 in
418 1483 543 1532 κτισθῇ
573 1482 616 1520 et
646 1477 727 1520 alia
757 1477 906 1520 similia
936 1482 1102 1520 mutato
1122 1511 1134 1533 ,
1183 1478 1512 1521 luculentissime
1549 1478 1764 1532 ostendit,

343 1551 464 1607 quod
502 1555 615 1593 certe
645 1562 735 1591 non
765 1549 910 1591 siverit
935 1549 1082 1592 Bullus
1101 1581 1113 1603 ,
1146 1563 1191 1591 se
1221 1562 1272 1592 ea
1291 1562 1378 1592 esse
1400 1554 1541 1592 mente
1564 1554 1613 1591 ut
1641 1562 1766 1604 argu-

342 1628 534 1666 mentum
581 1621 801 1677 quoddam
840 1620 1069 1676 proferret.
1123 1640 1138 1656 α
1157 1622 1243 1663 Nos
1284 1621 1391 1676 quid
1427 1622 1680 1674 sentiamus,
1726 1625 1769 1662 et

341 1694 524 1752 professi
541 1693 630 1750 jam
651 1706 797 1736 sumus
819 1697 860 1735 et
883 1705 997 1735 nune
1019 1691 1297 1748 profitemur;
1330 1693 1509 1747 Filium,
1543 1697 1768 1747 antequam

343 1770 588 1823 gigneretur
602 1798 613 1819 ,
646 1771 716 1807 aut
747 1769 984 1819 crearetur,
1017 1771 1089 1807 aut
1118 1764 1400 1808 destinaretur
1419 1797 1431 1819 ,
1464 1770 1536 1806 aut
1564 1763 1767 1806 fundare-

342 1845 438 1894 tur,
474 1851 562 1882 non
592 1838 735 1880 fuisse.
762 1857 778 1874 »
819 1838 964 1879 Theod.
988 1840 1094 1878 Hisc.
1118 1849 1153 1890 1,
1179 1837 1221 1878 4.
1249 1838 1336 1879 Nee
1353 1835 1566 1891 discrepat
1587 1835 1640 1878 ab
1662 1834 1766 1877 Ario

343 1911 547 1955 Eusebius
563 1911 654 1966 ipse
674 1924 683 1951 ε
724 1928 741 1945 «
763 1909 1020 1961 Manifestum
1040 1910 1218 1950 omnibus
1237 1912 1319 1960 est,
1345 1907 1452 1950 illud
1471 1907 1590 1962 quod
1610 1907 1768 1949 factum

340 1988 428 2038 est,
466 1996 555 2026 non
583 1982 713 2025 fuisse
743 1986 970 2036 antequam
1000 1979 1135 2023 fieret.
1162 1999 1178 2016 »
1213 1981 1360 2021 Athan.
1387 1980 1437 2020 de
1454 1981 1550 2033 Syn.
1580 1981 1648 2021 17.

434 2057 476 2097 6.
511 2056 606 2097 Jam
635 2055 673 2096 si
698 2057 931 2096 occurrunt
951 2051 1067 2107 apud
1096 2051 1372 2094 Athanasium
1387 2082 1398 2104 ‚
1422 2063 1532 2106 quae
1553 2049 1677 2092 Bullo
1700 2049 1767 2091 fa-

344 2140 442 2170 vere
459 2125 698 2179 videantur,
715 2124 879 2167 facilem
894 2128 1036 2166 tamen
1049 2123 1209 2166 habent
1231 2123 1503 2165 solutionem.
1521 2123 1618 2176 E.g.
1649 2139 1666 2156 «
1686 2120 1768 2173 Qui

342 2198 437 2242 fieri
462 2201 631 2254 potest,
651 2216 668 2233 ν
705 2200 855 2251 rogat,
894 2214 909 2230 κ
931 2199 980 2237 ut
1004 2207 1092 2237 non
1127 2195 1182 2237 sit
1205 2195 1250 2236 in
1284 2206 1463 2236 numero
1499 2197 1766 2246 creatorum,

340 2272 405 2324 si,
431 2275 481 2313 ut
500 2270 567 2312 isti
587 2269 818 2325 opinantur
833 2299 845 2321 ,
869 2279 956 2310 non
983 2271 1075 2309 erat
1097 2270 1324 2322 antequam
1342 2263 1619 2321 gigneretur?
1635 2262 1770 2318 siqui-

343 2342 443 2385 dem
472 2353 616 2385 rerum
646 2344 883 2383 creatarum
915 2343 958 2382 et
984 2339 1194 2382 factarum
1224 2338 1449 2393 proprium
1480 2341 1544 2379 est
1574 2348 1663 2378 non
1683 2347 1770 2378 esse

343 2419 576 2469 antequam
603 2411 784 2455 fierent?
807 2430 823 2448 υ
862 2413 975 2452 Orat.
997 2423 1050 2463 11,
1083 2410 1157 2452 22.
1193 2409 1357 2451 Dixerit
1383 2408 1563 2451 fortasse
1591 2406 1768 2460 Rullus,

341 2497 394 2527 ex
425 2485 511 2527 hoc
540 2483 814 2539 perspicuum
845 2494 956 2535 esse,
989 2482 1170 2524 Arianos
1192 2480 1424 2524 affirmasse
1446 2479 1603 2522 Filium
1637 2496 1654 2513 «ι
1673 2478 1770 2519 Non

343 2569 435 2599 esse
465 2557 713 2611 priusquam
730 2555 1001 2609 gigneretur,
1027 2551 1270 2595 Catholicos
1286 2555 1427 2594 autem
1446 2568 1462 2586 »
1495 2550 1608 2590 Esse.
1649 2566 1664 2583 «
1689 2546 1791 2589 Sed.

343 2639 434 2668 non
465 2631 527 2669 est
552 2627 640 2679 ita3
673 2637 798 2679 nam,
832 2621 1196 2679 quemadmodum
1230 2623 1375 2664 Patres
1397 2619 1571 2663 Nicaeni
1591 2619 1637 2660 in
1658 2619 1772 2660 Ana-

345 2697 615 2739 thematismo
634 2709 731 2748 suo,
751 2699 801 2738 ut
822 2694 1166 2738 confirmavimus
1183 2724 1195 2748 ,
1221 2705 1311 2735 non
1330 2692 1463 2747 ipsam
1475 2691 1655 2733 Arianae
1674 2690 1770 2732 for-

347 2768 490 2810 mulae
519 2768 859 2823 propositionem
896 2765 1143 2821 simpliciter
1172 2768 1350 2820 negant,
1374 2763 1451 2806 sed
1476 2761 1662 2818 ejusdem
1685 2761 1773 2803 vim

343 2840 726 2893 argumentativam
747 2869 759 2891 ,
803 2839 861 2881 ita
901 2838 972 2880 hie
1012 2849 1187 2893 quoque
1226 2835 1318 2879 vult
1354 2834 1607 2878 Athanasius
1627 2863 1639 2887 ‚
1683 2844 1772 2875 non
