1950 3340
935 210 995 217 ...
1028 186 1083 227 52
1114 208 1173 214 -

340 281 437 320 ante
460 274 629 318 saecula
655 272 736 315 fuit
757 268 1053 325 Unigenitum,
1079 280 1178 311 cum
1203 264 1410 309 creandus
1437 269 1546 308 esset
1563 263 1768 318 mundus,

339 347 697 392 condescensione
729 343 915 400 quadam
937 355 1012 385 seu
1037 341 1312 393 συγκαταβάσει
1344 351 1367 380 6
1390 339 1516 380 Patre
1534 335 1774 392 procedens

343 421 506 464 factum
542 431 631 462 esse
670 415 1027 470 Primogenitum.
1068 412 1189 456 Unde
1227 410 1400 454 deducit
1435 409 1585 451 Bullus
1600 440 1613 462 ‚
1656 408 1774 450 illam

340 492 661 549 processionem
691 489 780 531 sive
811 485 1215 529 condescensionem
1238 487 1414 525 auctore
1437 481 1667 524 Athanasio
1687 491 1773 521 no-

338 579 438 609 vam
474 562 714 620 quandam,
752 558 990 614 improprie
1027 552 1203 611 utiqhe,
1228 554 1358 597 Verbi
1383 554 1431 595 in
1459 557 1656 608 tempore
1685 563 1774 594 esse

342 636 677 694 generationem.

429 711 454 752 J
457 721 526 751 am
555 705 688 748 Verbi
719 701 1123 745 condescensionem
1163 697 1378 754 quandam
1414 707 1505 738 esse
1543 692 1772 736 exhibitam

340 783 385 824 in
401 792 545 824 rerum
560 776 836 820 universitate
861 771 1084 815 condenda
1105 769 1378 813 consentiunt
1397 779 1565 819 omnes;
1590 775 1775 818 namque

338 851 565 896 ineffabilis
594 848 750 904 procul
780 845 914 889 dubio
943 847 1036 887 erat
1061 843 1225 897 gratiae
1246 845 1288 883 et
1308 839 1511 882 bonitatis
1528 870 1541 892 ‚
1592 836 1772 887 Filium,

341 925 460 980 qui‹
461 923 536 964 ‹in
558 919 771 977 principio
793 922 886 960 erat
914 915 1031 972 apud
1053 917 1215 966 Deum,
1253 932 1269 949 »
1305 913 1351 954 in
1376 910 1682 965 cogitationem
1701 919 1775 948 ve-

340 997 450 1038 nisse
473 998 732 1045 creatorum,
755 995 798 1032 et
817 990 862 1031 in
885 991 1054 1030 creatm
1056 999 1130 1029 um
1145 985 1372 1039 fragilitate
1395 981 1571 1024 versari.
1597 978 1679 1022 Sed
1690 978 1776 1020 hoc

342 1067 467 1110 Bullo
507 1078 596 1108 non
631 1063 733 1107 satis
763 1067 852 1115 est,
885 1062 968 1103 nisi
1007 1056 1315 1102 condescensio
1345 1055 1420 1097 illa
1450 1050 1668 1107 generatio
1700 1062 1777 1091 seu

339 1139 534 1180 nativitas
553 1136 761 1193 quaedam
781 1134 1081 1190 appellatura
1073 1128 1320 1173 «Catholici
1341 1125 1518 1182 quidam
1537 1124 1738 1166 doctores
1759 1152 1772 1173 ‚

343 1211 419 1266 qui
449 1213 549 1265 post
589 1211 782 1250 exortam
818 1204 1153 1248 controversiam
1184 1202 1385 1244 Arianam
1414 1199 1640 1248 vixerunt,
1668 1213 1684 1230 υ
1721 1192 1777 1235 ad

341 1281 621 1324 Athanasium
662 1283 805 1321 autem
839 1278 1080 1331 provocat,
1122 1273 1274 1315 ‹illam
1312 1274 1379 1309 Ίοῡ
1413 1270 1527 1322 >hyon
1564 1280 1615 1310 ex
1653 1267 1778 1308 Patre

342 1353 686 1408 progressionem
719 1352 870 1404 (quam
897 1351 940 1389 et
962 1349 1240 1399 συγκατάβασιν
1254 1375 1264 1395 ,
1287 1345 1374 1386 1106
1396 1347 1459 1385 651
1475 1372 1487 1395 ,
1513 1338 1776 1382 condescen-

344 1425 508 1467 sionem
540 1435 691 1465 eorum
718 1420 914 1463 nonnulli
943 1418 1240 1474 appellarunt)
1278 1415 1333 1458 ad
1364 1412 1637 1457 condendum
1667 1409 1776 1451 haec

342 1497 538 1538 universa
577 1505 818 1548 agnovere3
863 1496 906 1533 et
943 1490 1034 1546 ejus
1066 1490 1193 1532 etiam
1230 1484 1542 1543 progressionis
1578 1483 1777 1536 respectu

345 1569 486 1623 ipsum
518 1572 580 1607 τὸν
613 1566 724 1617 >hyeme
751 1577 776 1606 a
804 1565 895 1606 Deo
926 1564 1052 1604 Patre
1083 1560 1206 1616 quasi
1237 1563 1383 1601 natum
1412 1557 1540 1598 fuisse
1570 1558 1613 1595 et
1640 1551 1777 1594 omnis

345 1644 564 1682 creaturae
594 1636 931 1694 primogenitum
958 1637 1004 1677 in
1034 1632 1261 1688 Scripturis
1292 1630 1377 1673 dici
1409 1626 1591 1671 confessi
1619 1627 1761 1691 sunt.

344 1711 490 1763 Desen.
521 1713 567 1752 F.
592 1712 647 1751 Ν.
674 1722 743 1761 111,
771 1709 815 1750 9.
838 1709 876 1759 5.
910 1709 948 1748 1.
984 1707 1040 1747 Α1
1071 1704 1348 1747 Athanasium
1377 1701 1423 1742 in
1452 1699 1534 1741 hac
1571 1686 1775 1752 progres-

346 1782 465 1824 sione
495 1785 539 1823 et
568 1780 925 1823 condescensione
955 1777 1085 1820 Verbi
1115 1775 1300 1817 voluisse
1331 1776 1480 1815 natum
1509 1768 1648 1811 denuo
1687 1778 1776 1808 esse

347 1852 668 1908 quodammodo
690 1851 881 1895 Verbum
897 1881 909 1904 ‚
944 1853 987 1892 et
1022 1847 1204 1904 proinde
1236 1844 1496 1901 appellatum
1518 1852 1607 1883 esse
1646 1856 1662 1873 «
1685 1837 1777 1880 Pri-

346 1925 614 1980 mogenitum
646 1923 786 1966 omnis
825 1926 1084 1965 creaturae»
1131 1918 1329 1974 profecto
1353 1927 1442 1957 non
1463 1917 1593 1968 puto;
1627 1914 1776 1952 contra

353 2017 368 2032 «
393 1996 734 2051 Primogenitum
757 2014 773 2030 »
808 1993 941 2047 illud,
978 2005 1068 2035 non
1098 1990 1316 2033 relationis
1345 1984 1522 2040 alicujus
1538 2014 1550 2038 ‚
1576 1994 1686 2037 quae
1709 1981 1775 2022 in-

347 2067 586 2112 tercederet
614 2068 726 2109 inter
755 2065 947 2109 Verbum
978 2068 1021 2106 et
1048 2065 1220 2105 Patrem
1257 2071 1382 2102 suum
1397 2089 1409 2113 ,
1442 2067 1531 2098 6556
1559 2051 1775 2107 significa-

346 2139 508 2193 tivum,
543 2139 622 2181 sed
650 2138 778 2193 plane
800 2135 986 2179 muneris
1007 2133 1227 2189 cujusdam
1250 2128 1392 2186 quod,
1418 2124 1623 2170 mundum
1647 2135 1771 2165 crea-

348 2214 492 2264 turus,
527 2222 610 2266 pro
631 2209 751 2251 bono
785 2207 964 2261 mundi,
997 2204 1295 2260 benignissime
1324 2202 1371 2242 in
1394 2212 1439 2242 se
1467 2196 1652 2250 suscepit
1671 2194 1774 2237 Uni-

349 2283 533 2336 genitus.
577 2280 746 2323 Scilicet
774 2280 869 2333 ille,
912 2279 989 2334 qui
1031 2277 1086 2319 ab
1127 2275 1374 2318 aeternitate
1407 2270 1490 2312 fuit
1527 2266 1776 2321 Unigenitus

350 2354 518 2407 Patris,
544 2353 591 2395 in
610 2352 910 2394 universorum
941 2347 1196 2404 compagine
1225 2350 1268 2388 et
1291 2346 1502 2386 structura
1519 2339 1633 2381 illam
1655 2335 1779 2378 Filie-

348 2429 480 2467 tatem
503 2437 623 2466 suam
654 2424 863 2477 signatam
892 2421 1054 2472 voluit,
1094 2432 1182 2475 quo
1204 2422 1357 2473 typum
1385 2410 1598 2468 quendam
1616 2407 1776 2461 Unige-

350 2496 427 2537 niti
453 2499 581 2550 atque
610 2494 840 2548 imaginem
860 2492 1058 2535 universa
1086 2491 1130 2532 in
1158 2503 1202 2532 se
1235 2486 1497 2530 exhiberent.
1519 2483 1668 2535 ltaque
1691 2478 1776 2520 hoc

349 2580 475 2609 5611511
502 2566 755 2620 Unigenitus
785 2565 924 2606 omnis
953 2566 1171 2605 creaturae
1200 2572 1245 2602 se
1275 2557 1377 2600 fecit
1409 2551 1743 2605 Primogenitum
1759 2579 1773 2601 ‚

351 2638 498 2693 quod,
523 2638 626 2680 dum
649 2636 858 2679 mundum
888 2648 939 2677 ex
971 2634 1105 2694 nihilo
1137 2632 1338 2683 duceret,
1363 2627 1439 2670 illo
1459 2626 1554 2680 ipso
1581 2627 1776 2676 tempore

351 2722 396 2750 56
434 2721 611 2764 quoque
640 2708 743 2750 fecit
770 2707 910 2750 ideam
940 2710 984 2748 61
1012 2715 1210 2747 normam
1250 2698 1439 2756 ejusdem
1467 2694 1645 2747 mundi,
1684 2694 1774 2734 De-

349 2781 544 2835 miurgus
585 2780 786 2823 nimirum
829 2783 872 2821 et
914 2789 1104 2820 summus
1133 2773 1284 2818 artifex
1299 2802 1312 2826 ,
1359 2781 1448 2813 sese
1484 2763 1776 2820 contemplans
