1988 3366
772 243 830 252 ...
866 220 915 262 13
946 240 1007 251 -

185 310 330 363 pturae
340 303 532 348 adductis
547 302 688 347 verbis
704 309 828 357 κύριος
857 308 875 343 ὁ
896 309 983 347 Θεὸς
1003 304 1049 346 in
1071 302 1288 357 Exod.111,
1309 304 1352 344 5.
1367 314 1456 357 quo
1475 303 1594 357 Apo·

186 379 286 422 stoli
315 374 366 421 εἷς
387 365 509 428 νζύριος
525 405 537 426 ,
562 373 613 420 εἷς
642 382 730 419 Θεὸς
763 376 807 418 in
837 375 993 431 Ephes.
1018 387 1083 429 1v,
1108 376 1152 428 5,
1178 375 1221 416 6.
1249 373 1466 429 expediat,
1486 385 1590 429 pro-

183 448 375 505 seqnitur
391 448 635 491 Marcellus:
658 451 745 501 ὁρᾶς
776 451 867 492 ὅπως
896 443 931 485 ἓν
963 445 1162 490 ἐπιδεικνὺς
1192 450 1274 498 ἡμῖν
1307 447 1454 485 insufla
1494 444 1590 496 πρὸ-

188 537 308 561 σωπον
324 549 335 571 ,
357 526 399 560 τὸ
420 523 508 560 ἁυτό
528 525 654 573 κύριον
679 527 742 559 καὶ
762 526 848 558 Θεὸν
872 522 1140 572 προσαγορεύει
1158 531 1171 573 3
1196 516 1350 560 Euseb.
1371 529 1416 572 p·
1430 517 1524 558 132·
1549 527 1591 556 Β.

185 593 368 635 Iterum:
402 598 442 632 τὸ
464 598 537 645 γὰρ
568 594 636 644 ἐγὼ
651 622 662 643 ,
685 597 760 636 ἰνὸς
781 598 982 645 προσώπου
1014 591 1196 630 &tutandis
1221 592 1347 642 ἐστιν;
1365 602 1412 644 p.
1434 589 1531 629 133.
1549 599 1589 628 8.

182 663 289 704 Tum
317 663 456 717 pergit
485 662 659 706 definire
687 664 884 717 πρόσωπον
916 663 1036 718 quasi
1074 663 1130 704 sit
1158 661 1272 704 idem
1311 664 1439 714 atque
1477 664 1495 700 ἡ
1528 667 1590 700 τῆς

186 737 352 778 θὲοτητος
384 739 507 788 μονάς.
536 734 637 777 Vid.
678 736 831 778 itermn
861 737 936 779 ἓνος
966 741 1194 788 προσώπου,
1233 731 1339 775 ibid.
1371 731 1416 773 b.
1455 731 1594 784 Atque

184 804 363 847 iterum:
397 809 534 859 ἀνάγκη
566 813 639 859 γὰρ
670 811 700 845 εἰ
732 808 798 845 δύο
831 808 1094 860 διαιρούμενα,
1123 806 1372 857 ὡςἈστὲριος
1395 806 1471 855 ἔφη,
1492 802 1590 854 πρὸ·

186 894 287 916 σωπα
320 883 373 921 εἴη
391 907 402 927 ,
433 875 453 923 ἦ
483 885 524 918 τὸ
553 886 718 932 πνεῦμα,
740 896 772 918 κ.
796 897 828 917 τ.
851 882 882 917 λ.
902 892 947 934 p.
979 879 1077 920 168.
1101 891 1140 920 c.

273 950 324 1002 (2)
356 950 407 992 Id
435 951 659 1005 proprium
688 963 775 993 esse
817 950 1026 1002 Sabellio,
1070 961 1158 991 non
1194 946 1392 990 Marcello
1414 977 1426 999 ,
1472 942 1592 999 quod

185 1021 391 1072 υἱοπατόρα
412 1019 605 1074 doceret3
628 1023 795 1064 Patrem
814 1021 972 1064 scilicet
987 1033 1075 1063 esse
1091 1019 1260 1072 Filium,
1279 1017 1431 1060 Filium
1453 1019 1595 1057 autem

184 1092 368 1134 Patrem.
417 1095 626 1145 Σαβὲλλιος,
660 1098 708 1137 εἰς
742 1097 852 1133 αὐτὸν
882 1095 1086 1146 πλημμελῶν
1117 1097 1180 1130 τὸν
1216 1095 1390 1141 πατέρα,
1434 1083 1473 1125 ὃν
1517 1090 1591 1123 υἱὸν

185 1166 299 1214 λέγειν
332 1165 489 1217 ἐτόλμα,
520 1165 671 1207 Euseb.
706 1178 751 1220 p.
789 1166 861 1208 76.
893 1177 934 1207 a.
966 1166 1019 1206 Et
1053 1163 1263 1217 Eugenius
1302 1171 1505 1215 quoque,
1547 1157 1594 1198 in

185 1236 397 1290 Apologia
418 1249 491 1278 sua
507 1236 622 1291 apud
651 1237 938 1290 Athanasium,
960 1233 1278 1277 anathematizat
1302 1230 1528 1272 Sabellium
1550 1232 1594 1269 et

185 1319 259 1348 eos
291 1308 364 1362 qui
396 1320 491 1350 cum
513 1320 563 1350 eo
588 1307 776 1349 dicerent
806 1311 915 1347 ἀυτὸν
949 1313 1012 1347 τὸν
1040 1310 1182 1358 πατέρα
1212 1306 1305 1343 εἶναι
1325 1307 1402 1341 υἱὸν
1419 1332 1430 1352 ,
1453 1308 1514 1339 καὶ
1535 1298 1592 1339 ‘cire

184 1383 243 1430 μὲν
277 1385 416 1429 γίνεται
448 1383 551 1429 υἱὸς,
583 1386 624 1430 μὴ
665 1380 757 1416 εἶναι
796 1380 879 1419 τότε
918 1382 1026 1418 αὐτὸν
1063 1383 1232 1430 πατέρα,
1279 1373 1339 1415 ὅτε
1376 1377 1415 1414 δὲ
1447 1380 1591 1426 γίνεται

185 1458 320 1502 πατὴρ,
346 1458 389 1503 μὴ
414 1452 504 1490 εἶναι
524 1453 606 1490 τότε
638 1454 727 1490 υἱὸν.
759 1454 859 1493 Νου.
896 1453 1000 1494 Coll.
1030 1456 1064 1493 t.
1089 1452 1134 1492 2.
1157 1463 1203 1505 p.
1230 1450 1272 1491 2.
1298 1450 1352 1490 Et
1378 1446 1556 1490 Basilius
1578 1457 1588 1485 ε

186 1527 203 1560 ὁ
234 1525 418 1575 Σαβὲλ).ιος
450 1527 555 1562 εἰπὼν
573 1554 583 1573 ,
607 1529 666 1562 τὸν
690 1526 799 1562 αὐτὸν
823 1529 912 1561 Θεὸν
930 1553 941 1573 ,
971 1519 1031 1562 ’ἕνα
1061 1531 1110 1574 τῷ
1133 1524 1350 1574 ὑποκειμένῳ
1373 1522 1474 1569 ὄντα,
1497 1522 1587 1569 πρὸς

184 1600 248 1638 τὰς
279 1599 450 1635 ἑκάστοτε
479 1603 785 1649 παραπίπτουσας
817 1603 949 1648 χρείας
980 1599 1317 1648 μεταμορφούμενον
1337 1621 1347 1641 ,
1380 1599 1442 1629 νῦν
1463 1595 1523 1643 μὲν
1546 1595 1591 1633 ὡς

182 1672 354 1719 πατέρα,
401 1676 462 1707 νῦν
495 1669 535 1706 δὲ
567 1674 611 1712 ὡς
643 1672 746 1720 υἱὸν,
779 1676 840 1706 νῦν
874 1669 914 1706 δὲ
952 1673 997 1712 ὡς
1027 1674 1164 1720 πνεῦμα
1199 1663 1303 1717 ἅγιον
1345 1666 1586 1714 διαλέγεσθαι.

184 1741 265 1793 Ep.
292 1740 394 1792 210,
421 1741 445 1781 5
468 1739 545 1781 fin.

273 1812 324 1862 (3)
355 1812 524 1852 Patrem
552 1814 593 1852 et
622 1810 774 1852 Filium
803 1810 999 1852 Marcello
1029 1809 1162 1852 videri
1189 1809 1338 1851 titulos
1368 1805 1590 1862 quosdam,

185 1881 228 1923 in
258 1885 450 1936 tempore
480 1881 694 1924 adhibitos
724 1883 979 1936 sempiterno
1009 1882 1100 1923 Deo
1125 1885 1168 1923 et
1189 1879 1330 1922 Verbo
1353 1877 1444 1932 ejus
1459 1908 1470 1930 ,
1490 1880 1593 1918 tunc

184 1952 343 1994 scilieet
363 1983 377 2005 ,
408 1965 506 1994 cum
540 1954 743 1996 ἐνδιάθετος
775 1953 846 1994 ifle
875 1954 996 2005 λόγος,
1016 1954 1060 1994 in
1081 1954 1172 1994 Deo
1202 1951 1448 2002 inhaerens,
1471 1947 1592 1989 fieret

184 2029 404 2074 προφορικὸς
433 2024 478 2065 in
506 2023 725 2079 hypostasi
747 2025 847 2065 Jesu
863 2023 1034 2066 Christi.

272 2097 480 2146 Μάρκελλος
513 2100 733 2146 καινωτέραν
765 2098 882 2147 ἐξεῦρε
915 2105 956 2148 τῇ
989 2098 1098 2149 πλάνῃ
1128 2101 1310 2147 μηχανὴν,
1342 2098 1430 2130 Θεὸν
1453 2093 1589 2127 καὶτὸν

185 2167 220 2202 ἐν
253 2169 348 2218 αὐτῷ
380 2169 489 2218 λόγον
518 2164 580 2205 ’ἕνα
610 2171 669 2219 μὲν
702 2167 795 2205 εἶναι
828 2168 1057 2220 ὁριζόμενος,
1092 2168 1158 2205 δύο
1191 2167 1225 2204 δ’
1258 2167 1352 2216 αὐτῷ
1373 2168 1512 2215 πατρὸς
1529 2166 1589 2198 Ἃαὶ

183 2241 261 2275 υἱοῦ
278 2239 516 2291 χαριζόμενος
533 2241 736 2289 ἐπηγόρὶας.
760 2239 915 2281 Euseb.
940 2251 986 2294 p.
1013 2240 1085 2292 76,
1102 2251 1141 2280 a.
1163 2237 1252 2279 vid.
1272 2236 1397 2278 etiam
1419 2233 1589 2288 p.63‚c.

182 2309 332 2363 Itaque
348 2341 360 2363 ,
402 2321 490 2364 quo
530 2310 679 2352 melius
711 2311 962 2365 exprimeret
989 2309 1168 2364 figurata
1208 2308 1346 2350 solum
1374 2304 1590 2348 locutione

183 2381 348 2422 Patrem
384 2393 473 2423 esse
510 2382 645 2424 Deum
663 2413 675 2435 ,
713 2382 835 2424 illum
865 2381 1092 2436 appellavit
1131 2400 1148 2416 «ι
1174 2381 1344 2422 Patrem
1383 2375 1541 2428 Verbi,
1570 2394 1586 2410 »

184 2453 218 2489 ἐν
241 2461 290 2503 τῷ
312 2449 405 2507 [τὸν
426 2453 620 2511 Χρίστὸν]
642 2459 789 2506 φάσκειν
816 2452 906 2510 [τὸν
927 2452 1046 2510 Θεὸν]
1075 2481 1086 2502 ,
1116 2453 1202 2504 μηδὲ
1233 2458 1297 2490 τοῦ
1327 2454 1456 2488 ἑαυτοῦ
1477 2447 1588 2498 λόγου

185 2529 308 2575 κύριον
349 2525 471 2575 εἶναι,
505 2528 593 2565 ἀλλὰ
623 2533 680 2564 καὶ
713 2527 848 2565 τὲυτου
876 2531 938 2564 τὸν
971 2530 1142 2577 πατέρα,
1177 2526 1407 2575 ἀφαιρεῖσθαι
1429 2527 1488 2559 τὸν
1521 2536 1589 2558 πυ.-

185 2599 272 2647 τίρα
304 2602 351 2634 τὰ.
379 2594 463 2634 ἴδιοι
491 2604 558 2635 τοῦ
588 2597 717 2640 παιδὸς
753 2598 945 2635 δείκνυσιν.
975 2596 1080 2639 ibid.
1101 2608 1147 2651 p.
1174 2597 1246 2637 38.

270 2666 347 2709 Cui
376 2666 632 2722 suffragatur
661 2668 898 2711 haereticus
927 2668 997 2710 ifle
1028 2667 1103 2723 qui
1133 2666 1340 2722 reperitur
1379 2664 1425 2705 in
1463 2666 1587 2703 contr.

181 2737 328 2780 Sabell.
357 2739 520 2792 (ἕτεραι.
543 2741 580 2792 S.
605 2740 648 2782 5.
681 2751 808 2796 quem
837 2741 890 2783 R.
915 2741 956 2783 S.
982 2741 1030 2783 C.
1057 2752 1101 2795 p.
1122 2740 1193 2782 28.
1215 2741 1336 2794 putat
1359 2747 1448 2779 esse
1475 2735 1589 2776 Mar-
