1950 3340
745 235 806 244 ..-
837 214 887 255 21
923 238 982 246 -.

160 306 292 342 σεται,
330 297 518 346 τεμνομένη
558 298 605 338 εὶς
645 296 772 333 οὐσίαν
810 303 869 334 καὶ
907 300 1143 351 συμβεβηκὸς.
1181 303 1219 352 §-
1254 302 1296 343 2.
1331 303 1573 348 Eusebius:

161 367 331 404 σύνθετον
360 361 474 418 ὥσπερ
505 369 646 417 εἰσῆγεν
678 372 740 405 τὸν
763 374 869 418 Θεὸν,
903 371 1031 408 οὐσίαν
1064 374 1174 412 αὐτὸν
1208 375 1458 426 ὑποτιθίμενος
1481 377 1578 427 δίχα.

159 437 290 486 λόγου,
323 439 538 490 συμβεβηκὸς
561 439 601 476 δὲ
623 448 664 491 τῆ
688 443 798 491 οὐσίᾳ
820 447 879 479 τὸν
902 443 1024 493 λόγον.
1045 443 1201 497 p.121.
1225 443 1312 486 vid.
1339 457 1384 499 p.
1410 446 1507 500 149,
1529 445 1574 489 d.

159 507 319 550 Iterum
348 508 601 552 Athanasius
634 515 663 550 εἰ
697 519 830 562 τοῦτο,
864 519 980 568 πὰτηρ
1012 520 1071 567 μὲν
1104 519 1164 554 ὅτε
1189 522 1295 567 σοφὸς
1315 545 1326 565 ,
1357 520 1429 560 υἱὸς
1453 519 1493 556 δὲ
1516 522 1577 557 ὅτε

161 583 279 628 σοφία·
314 582 403 618 ἀλλὰ
433 587 475 631 μὴ
507 586 553 625 ὡς
583 588 734 628 ποιότης
775 601 830 628 τις
863 593 980 626 ταῦτα
1012 590 1046 625 ἐν
1079 597 1129 639 τῷ
1161 595 1237 639 Θεῷ
1266 590 1303 640 S.
1340 589 1383 630 2.
1419 590 1579 632 Iterum

158 654 388 697 Eusebius:
430 661 459 695 εἰ
493 658 528 694 δ’
558 655 592 696 ἓν
625 666 684 698 καὶ
715 665 850 702 ταύτὸν
881 668 922 706 ἧν
957 669 974 702 ὁ
997 670 1086 708 Θεὸς
1117 672 1175 703 καὶ
1206 671 1226 708 ἡ
1258 668 1292 704 ἐν
1325 674 1407 709 ταῖς
1440 682 1576 717 παροι-

157 732 255 776 μίαις
287 733 420 778 σοφία,
449 726 518 774 ἕξις
541 731 633 770 οὖσα
663 740 752 784 σοφὴ
783 737 818 773 ἐν
851 739 945 787 αὐτῷ
967 740 1156 791 »oo-auhn,
1179 741 1263 776 καθὸ
1289 744 1395 790 σοφὸς
1420 743 1437 776 ὁ
1461 745 1570 794 Θεὸς,

160 803 196 834 τί
228 800 394 854 ἐκωλύεν,
420 817 450 838 κ.
474 819 507 840 τ.
525 806 555 839 λ.
580 806 754 858 p.150‚
779 805 825 846 b.

246 871 296 922 (8)
328 872 447 914 Teste
478 874 685 927 Eusebi0‚
719 877 964 931 Marcellus,
1003 878 1159 933 dogma
1182 892 1307 922 suum
1337 881 1572 934 insinuans,

157 939 373 994 professus
403 948 465 985 est
496 943 575 986 sibi
596 947 825 1001 praecipue
856 949 976 991 cordi
1003 962 1093 992 esse
1122 951 1390 993 monarchiae
1421 951 1579 1006 dogma

157 1022 202 1063 p.
237 1012 332 1064 109,
359 1012 403 1053 h.
425 1014 544 1067 quod
566 1016 739 1070 quidem
760 1018 917 1072 dogma
939 1020 1192 1063 Athanasius
1216 1027 1366 1064 contra
1385 1053 1396 1074 ,
1433 1022 1577 1078 dispu-

158 1081 331 1123 tationis
359 1095 459 1125 suae
489 1086 629 1127 statim
660 1088 893 1144 principio,
927 1090 1152 1134 confirmat
1181 1093 1372 1135 illaesum
1401 1105 1578 1148 prorsus

157 1162 244 1191 esse
276 1156 317 1193 et
347 1165 540 1197 securum
569 1156 613 1198 in
644 1157 840 1202 doctrina
870 1161 1191 1204 catholicorum.

246 1223 298 1274 (9)
332 1224 505 1266 Celebre
531 1230 600 1269 est
632 1229 819 1272 Marcelli
853 1231 1007 1285 dogma
1034 1233 1140 1275 illud
1170 1233 1223 1275 de
1254 1245 1386 1287 regno
1419 1234 1577 1277 Christi

154 1291 208 1334 ad
220 1295 383 1348 tempus
404 1295 626 1348 duraturo,
646 1298 699 1340 ab
713 1289 841 1343 initiis
858 1302 1114 1356 quibusdam
1131 1308 1246 1356 orto,
1261 1305 1388 1346 finem
1405 1304 1577 1347 tandem

156 1361 355 1406 habituro
381 1379 390 1405 :
427 1366 736 1411 haereticorum
775 1375 917 1413 autem
934 1404 944 1424 ,
990 1386 1100 1428 quos
1136 1379 1260 1428 urget
1289 1375 1542 1418 Athanasius
1560 1408 1574 1430 ,

157 1432 267 1475 haud
305 1435 494 1479 absimile
525 1443 589 1480 est
618 1440 725 1482 illud
747 1444 782 1493 S.
821 1443 863 1483 8.
883 1473 895 1495 ,
929 1444 1049 1498 quod
1079 1445 1185 1487 Filio
1220 1450 1262 1487 et
1295 1446 1502 1488 existendi
1535 1451 1578 1488 et

155 1505 354 1556 regnandi
387 1507 554 1550 initium
585 1509 786 1553 videntur
816 1514 1062 1566 assignasse.

244 1574 324 1626 (10)
358 1576 544 1620 Verbum
557 1592 645 1622 esse
666 1582 818 1624 Filium
831 1587 912 1625 etc.
936 1584 981 1626 in
994 1586 1139 1627 Veteri
1155 1587 1420 1628 Testamento
1444 1593 1575 1642 negat

154 1645 373 1687 Marcellus
393 1649 508 1702 apud
529 1651 755 1694 Eusebium
783 1666 826 1708 p.
856 1656 927 1696 131
950 1686 961 1708 ,
982 1655 1028 1697 b.
1051 1669 1124 1711 pp.⁴
1155 1658 1334 1699 83-101.
1360 1670 1434 1712 pp.
1460 1659 1567 1700 134-

162 1715 265 1767 1403
298 1723 453 1770 negant
483 1720 680 1764 haeretici
707 1724 822 1777 apud
857 1725 1154 1780 Athanasium,
1177 1730 1236 1780 55.
1258 1729 1416 1771 23-29.

245 1788 325 1838 (11)
359 1789 461 1831 Cum
484 1791 580 1834 loca
601 1793 671 1834 illa
692 1795 854 1836 Veteris
876 1798 1130 1840 Testamenti
1154 1798 1442 1853 objicerentur
1461 1802 1573 1843 Mar-

154 1855 265 1898 cello
283 1889 294 1910 ,
330 1859 608 1912 profitebatur
638 1876 706 1906 eas
737 1865 1061 1921 anticipationes
1087 1881 1174 1912 esse
1205 1871 1346 1922 Novi3
1383 1875 1411 1909 εἰ
1438 1872 1478 1909 δὲ
1500 1889 1572 1926 τις,

156 1934 214 1965 καὶ
250 1935 320 1978 πρὸ
357 1941 417 1974 τὴς
439 1937 515 1976 νὲας
537 1934 729 1987 διαθήκης,
755 1946 819 1974 τοῦ
842 1947 1003 1991 Χριστοῦ
1026 1972 1037 1994 ‚
1062 1944 1140 1979 υἱοῦ
1163 1944 1273 1995 ὄνομα
1291 1953 1340 1994 τῷ
1362 1946 1456 1995 λόγῳ
1479 1952 1575 1997 μόνῳ

154 2000 337 2039 δεικνύναι
362 2003 538 2041 δύνασθαι
573 2008 832 2056 ἐπαγγὲ).λοιτο
852 2040 862 2059 ‚
898 2015 1035 2064 εὑρήσει
1068 2021 1176 2052 τοῦτο
1209 2025 1431 2066 προφητικῶς
1470 2022 1569 2070 εἰρη-

151 2078 268 2124 μένον.
294 2074 445 2116 Euseb.
473 2078 601 2130 p.82,
625 2090 663 2119 a.
689 2078 826 2130 Quare
841 2082 956 2136 apud
975 2084 1230 2138 Apostolum
1257 2085 1311 2127 ad
1331 2087 1457 2129 Rom.
1480 2091 1573 2141 1‚4.

153 2156 234 2198 pro
257 2149 403 2198 ὀρισθεὶς
421 2146 588 2200 legebat
605 2154 850 2202 προορισέὶεες.
874 2153 1028 2196 Euseb.
1046 2159 1184 2196 contr.
1205 2157 1335 2198 Marc.
1361 2171 1394 2210 1,
1409 2159 1450 2199 2.
1472 2160 1571 2204 Vid.

154 2215 381 2257 Anathem.
405 2218 474 2257 5¹un
495 2218 656 2260 Concil.
669 2220 907 2274 Sirm.;vid,
930 2236 1061 2278 porro
1078 2227 1217 2267 Seleet.
1238 2228 1400 2269 Observ.
1420 2229 1572 2272 R.S.C.

154 2296 200 2338 p.
230 2287 296 2326 10.
332 2286 458 2337 Quod
489 2287 601 2330 idem
625 2289 678 2332 de
705 2291 890 2334 Photino
918 2306 1091 2350 quoque
1113 2300 1255 2338 narrat
1277 2298 1538 2352 Epiphanius
1554 2330 1566 2353 ,

154 2359 393 2399 autumasse
430 2359 589 2401 scilicet
621 2373 717 2403 eum
757 2365 885 2406 Vetus
914 2367 1224 2409 Testamentum
1253 2369 1459 2424 scriptum
1487 2383 1576 2414 esse

153 2433 542 2484 προκαταγγε).τικῶς,
568 2445 866 2487 προχρηστικῶς,
891 2439 1018 2478 Haer.
1040 2449 1085 2491 p.
1115 2439 1215 2479 830.
1242 2438 1297 2480 Αἵ
1319 2439 1570 2484 Athanasius

151 2511 323 2554 quoque
353 2500 405 2542 de
435 2501 653 2545 haereticis
684 2506 768 2547 suis
799 2506 1019 2561 disputans
1038 2541 1049 2562 ‚
1075 2511 1163 2547 ἀλλὰ
1187 2517 1268 2564 ναὶ,
1301 2527 1412 2564 φασι,
1443 2520 1565 2551 κεῖται

151 2574 235 2623 μὲν,
267 2581 483 2624 προφητικῶς
515 2574 555 2611 δὲ
588 2578 691 2615 ἔστω.
729 2578 766 2627 S.
794 2578 866 2619 24.

240 2642 251 2692 (
260 2643 320 2694 12)
353 2643 458 2685 Cum
492 2650 641 2688 contra
675 2648 920 2691 Marcellum
959 2655 1183 2706 urgeretur
1223 2653 1416 2697 Psalmus
1460 2656 1540 2698 109
1558 2687 1570 2709 ,

151 2710 286 2753 voluit
322 2714 596 2759 «Luciferum
619 2737 634 2751 ι»
669 2718 789 2761 illum
828 2732 917 2762 esse
960 2722 1127 2764 stellam
1146 2754 1158 2776 ,
1201 2735 1310 2779 quae
1345 2725 1570 2780 Magorum

152 2780 237 2824 dux
267 2782 365 2825 fuit.
393 2786 547 2829 Euseb.
575 2801 621 2843 p.
647 2789 723 2843 (18,
750 2789 794 2833 h.
823 2791 918 2834 Vid.
942 2793 1152 2849 Epiphan.
1181 2797 1304 2837 Haer.
1331 2808 1377 2852 p.
1402 2797 1504 2850 833,
1532 2810 1570 2839 a.
