1988 3366
804 201 1038 242 ..11-

218 295 383 350 scripsit
400 324 412 347 ,
441 300 570 347 quam
594 284 863 331 confirmavit
879 295 1005 327 manu
1025 293 1103 325 sua
1120 279 1258 324 clerus
1285 275 1592 321 Alexandrinus
1609 307 1621 331 ‚

218 376 406 417 necnon,
427 365 478 405 ut
497 359 688 411 videtur,
716 355 971 399 Athanasius
992 355 1104 410 ipse,
1136 361 1391 407 quamquam
1411 348 1521 391 inter
1543 361 1625 390 no-

218 438 330 479 mina
359 432 597 487 subscripta
625 429 696 472 ille
725 439 813 470 non
843 429 1021 482 apparet
1048 423 1193 466 hodie.
1233 420 1448 464 Confessio
1485 419 1591 461 haec
1611 450 1624 472 ,

217 508 286 550 cui
300 502 648 549 Montefalconius
663 500 804 542 lucem
826 497 967 551 dedit,
992 496 1150 550 scripta
1164 496 1228 535 est
1247 492 1294 534 in
1313 491 1485 534 nomine
1510 508 1526 525 α
1541 489 1627 532 cle-

217 579 403 620 ricorum
431 579 473 617 et
501 578 763 616 caeterorum
793 569 870 624 qui
903 569 1098 623 Ancyrae
1125 566 1171 607 in
1199 562 1358 605 Galatia
1386 565 1484 604 sunt
1500 591 1512 614 ,
1544 572 1630 602 una

222 661 319 692 cum
346 651 468 703 patre
497 648 644 687 nostro
674 640 877 684 Marcello
895 671 907 693 ‚
930 636 1192 692 congregati.
1215 654 1232 671 »

313 718 406 771 Quo
438 715 608 770 negotio
640 711 695 756 ad
723 711 851 754 finem
879 708 1086 765 perducto
1102 737 1114 761 ‚
1136 710 1179 748 et
1197 706 1442 760 Aneyranus
1463 701 1534 744 hic
1546 731 1558 755 ,
1591 705 1635 743 et

224 788 530 832 Alexandrinus
564 785 636 828 illc
674 782 844 839 praesul
881 780 1009 822 morti
1047 777 1243 833 protinus
1285 773 1599 818 succubuerunt
1619 802 1632 825 ‚

226 861 452 903 bellatores
486 856 612 900 ambo
648 856 693 897 in
722 864 891 896 summo
930 850 1138 893 Ecclesiae
1169 847 1407 891 discrimine
1426 877 1439 898 ,
1472 843 1638 886 diversa

226 933 424 985 fortuna3
457 930 684 985 plusquam
720 921 1066 979 septuagenarius
1103 918 1355 962 Athanasius
1370 949 1382 970 ‚
1414 913 1637 957 Marcellus

227 1007 367 1045 autem
407 998 635 1053 nonaginta
672 995 818 1039 saltem
856 1003 1066 1036 annorum
1106 989 1279 1043 cumulo
1320 997 1549 1042 oppressus
1570 1015 1583 1038 ,
1610 1006 1633 1015 -

227 1074 406 1115 feliciter
439 1069 701 1126 grandaevus
722 1098 734 1120 ,
773 1066 808 1107 si
845 1062 1136 1107 reservabatur
1164 1061 1209 1102 in
1238 1059 1323 1101 hoc
1343 1090 1354 1112 ,
1387 1061 1436 1099 ut
1473 1067 1640 1098 errores

230 1157 329 1188 suos
358 1143 432 1186 illo
463 1146 648 1184 extremo
679 1137 813 1180 halitu
851 1147 951 1177 vere
994 1132 1169 1175 efflaret.
1220 1129 1532 1180 Nihilominus,
1566 1126 1642 1181 qui

230 1219 274 1259 in
293 1229 340 1258 re
370 1214 569 1257 historica
584 1242 596 1265 ‚
627 1223 716 1253 non
736 1207 986 1262 biographia
1006 1207 1253 1255 versantur,
1277 1201 1365 1253 his,
1388 1204 1437 1241 ut
1458 1211 1551 1240 mos
1575 1201 1640 1239 est

231 1289 274 1330 in
290 1286 496 1337 Ecclesia,
516 1280 735 1324 Marcellus
758 1282 934 1334 apparet
954 1308 965 1330 ‚
998 1287 1087 1317 non
1109 1277 1158 1316 ut
1184 1274 1374 1328 privatus
1405 1269 1640 1324 quispiam,

232 1359 278 1400 in
292 1370 366 1400 sua
386 1356 516 1412 ipsius
537 1363 718 1409 persona
738 1354 780 1392 et
801 1347 1062 1404 poenitentia
1080 1357 1155 1388 sua
1170 1375 1182 1397 ,
1215 1342 1291 1385 sed
1310 1342 1355 1384 in
1377 1345 1491 1383 secta
1512 1351 1644 1395 quam

236 1431 380 1484 genuit
409 1431 452 1469 et
480 1427 524 1468 in
554 1423 792 1467 maturitate
822 1423 1036 1475 postrema
1055 1427 1199 1459 earum
1223 1413 1472 1469 opinionum
1492 1442 1504 1464 ,
1538 1422 1646 1466 quae

236 1502 279 1543 in
298 1501 393 1554 ipso
412 1498 571 1540 semina
592 1490 889 1537 tantummodo
919 1491 1084 1532 fuerant
1114 1491 1156 1529 et
1185 1486 1387 1528 elementa
1405 1481 1642 1537 pravitatis.

325 1571 546 1613 Caeterum
559 1598 571 1620 ,
602 1570 747 1608 utrum
767 1564 812 1605 in
831 1561 1045 1604 hominem
1060 1560 1199 1612 ipsum
1218 1568 1272 1598 an
1286 1550 1583 1597 tantummodo
1603 1552 1649 1593 in

238 1646 465 1685 sectatores
492 1638 581 1693 ejus
617 1634 868 1678 Athanasius
902 1634 947 1674 in
986 1634 1135 1685 quarta
1165 1640 1262 1680 sua,
1304 1637 1434 1680 quam
1468 1626 1648 1676 vocant,

240 1714 438 1756 Oratione
459 1709 704 1759 invehatur,
728 1703 925 1747 concludi
947 1714 1035 1743 non
1057 1703 1198 1755 potest
1219 1698 1265 1740 in
1287 1697 1533 1739 alterutram
1555 1706 1651 1748 par-

241 1790 350 1836 tem,
377 1795 424 1824 ex
447 1781 544 1833 illa,
577 1778 734 1820 seriore
758 1777 930 1829 utique,
964 1770 1227 1814 confessione
1258 1767 1311 1810 ab
1342 1767 1530 1820 Eugenio
1551 1764 1651 1807 sub-

242 1855 414 1909 scripta.
435 1854 581 1905 Neque
601 1848 784 1891 Hilarius
797 1878 809 1900 ,
831 1843 1104 1887 Athanasium
1118 1844 1295 1883 testatus
1312 1837 1501 1881 Marcelli
1532 1835 1653 1891 operi

244 1929 393 1968 contra
410 1923 618 1965 Asterium
640 1919 894 1974 pepercisse,
918 1927 997 1957 nos
1017 1916 1186 1955 moveat
1202 1942 1214 1964 ‚
1238 1923 1291 1953 ne
1312 1909 1387 1952 illo
1409 1920 1538 1963 opere
1559 1911 1654 1949 uta-

243 2010 339 2039 mur
358 1997 403 2038 in
422 1992 607 2037 Marcelli
627 1990 789 2048 placitis
820 1985 1039 2039 eruendis;
1073 1995 1168 2026 nam
1190 1993 1326 2036 neque
1348 1981 1393 2022 in
1416 1980 1506 2022 aliis
1527 1977 1655 2021 rebus

245 2073 331 2109 tam
359 2065 470 2108 fidus
499 2064 545 2105 iu
570 2059 782 2104 narrando
814 2057 1024 2112 reperitur
1050 2054 1331 2097 sanctissimus
1354 2050 1522 2095 Praesul
1538 2081 1550 2103 ,
1585 2051 1656 2102 (ut

248 2151 344 2181 cum
374 2136 426 2179 de
447 2134 617 2177 Liberio
649 2131 894 2186 loquitur,)
927 2132 975 2170 ut
1005 2139 1055 2168 ex
1085 2126 1138 2167 iis
1168 2137 1276 2179 quae
1305 2123 1428 2178 plane
1450 2121 1657 2164 haeresim

246 2211 412 2264 sapiunt
426 2239 438 2261 ‚
471 2205 603 2261 ipsius
633 2215 759 2246 causa
781 2202 876 2256 pios
897 2211 1042 2241 sensus
1061 2202 1404 2251 extorqueamus.
1438 2195 1496 2236 Ea
1515 2197 1656 2235 autem

248 2285 346 2323 sunt
376 2275 640 2328 hujusmodi.

339 2422 382 2462 2.
415 2416 594 2461 Eusebio
624 2419 728 2457 teste
744 2444 756 2467 ‚
788 2412 946 2468 placuit
973 2407 1193 2460 Marcelle,
1227 2407 1279 2459 (l)
1310 2415 1439 2447 unam
1467 2406 1659 2446 tantum-

252 2490 382 2533 modo
410 2490 458 2531 in
485 2489 646 2531 Deitate
676 2497 764 2528 esse
791 2493 1042 2539 personam3
1072 2492 1098 2522 a
1125 2477 1305 2522 Sabellio
1330 2480 1472 2518 tamen
1503 2475 1547 2516 in
1576 2473 1662 2516 hoc

255 2560 543 2611 dissentienti,
574 2556 694 2613 quod
729 2558 891 2598 teneret
921 2554 973 2605 (2)
1010 2563 1098 2594 non
1135 2551 1303 2592 Patrem
1342 2547 1545 2589 continuo
1574 2557 1663 2587 esse

255 2631 428 2684 Filium,
446 2629 596 2672 Filium
615 2629 806 2680 Patrem,
829 2624 898 2678 (id
915 2622 1035 2679 quod
1057 2626 1290 2674 υἰοπατορῑαν
1313 2619 1492 2670 vocant)
1514 2614 1588 2659 sed
1608 2617 1660 2668 (3)

255 2703 423 2743 Patrem
452 2705 495 2743 et
523 2699 675 2742 Filium
704 2710 791 2741 esse
820 2698 993 2739 nomina
1021 2706 1138 2737 mera
1167 2697 1210 2734 et
1237 2689 1376 2734 nudos
1409 2687 1579 2740 titulos3
1611 2687 1662 2738 (4)

259 2783 395 2827 neque
424 2771 654 2827 exprimere
682 2768 907 2817 relationes
927 2766 1090 2821 aliquas
1111 2762 1343 2808 essentiales
1363 2761 1408 2803 in
1430 2763 1579 2802 natura
1598 2757 1665 2800 di—
