1950 3340
769 191 827 200 ..-
858 169 908 210 61
945 190 1004 199 .-

179 265 376 307 quoque,
410 251 454 294 in
485 251 728 294 narratione
757 263 831 293 sua
860 263 1009 293 eorum
1041 262 1152 305 quae
1185 251 1365 294 Nicaeae
1405 250 1457 293 de
1493 264 1599 295 ana-

176 324 442 366 thematismo
480 323 787 376 occurrebant,
827 324 878 363 de
908 325 1026 365 Decr.
1056 323 1127 364 20.
1150 326 1232 375 fin.
1272 323 1402 378 plane
1435 325 1598 366 omittit

177 398 402 449 hypostasin
411 412 428 447 ;
462 395 581 450 quasi
599 427 610 448 ,
643 394 746 436 dum
766 398 855 435 usia
874 398 1002 436 staret
1021 396 1066 436 in
1087 407 1164 436 suo
1185 395 1283 437 loco
1303 426 1316 449 ,
1337 394 1451 438 idem
1470 395 1599 438 fuerit

177 472 250 510 aut
279 466 508 522 adjungere
545 470 619 508 aut
648 466 842 508 omittere
877 467 1118 519 hypostasin.

265 540 309 580 3.
341 539 436 579 Hoc
466 541 686 592 praeterea
714 537 951 579 notandum
981 541 1043 580 est
1059 569 1072 592 ‚
1097 537 1204 581 nihil
1226 550 1403 593 prorsus
1426 550 1451 580 a
1470 538 1596 580 Bullo

174 621 262 651 esse
292 609 529 663 prolatum,
563 620 650 663 quo
682 608 997 651 demonstretur
1026 610 1325 652 Semi-arianos
1353 621 1499 652 revera
1521 622 1596 651 re-

177 680 380 735 probasse
404 699 420 715 «
441 693 491 722 ex
506 682 596 721 usia
608 696 624 731 ‚·
647 699 662 716 »
692 692 789 722 cum
806 680 932 735 plane
953 685 1120 723 constet
1141 685 1291 724 contra
1312 680 1469 735 dogma
1491 681 1598 723 illud

174 751 381 806 recepisse
402 763 474 792 eos
488 781 499 803 ‚
523 763 612 792 non
635 750 899 805 reprobasse.
940 770 956 786 «
977 752 1263 794 certissimum
1283 772 1298 788 »
1327 764 1415 795 esse
1436 751 1597 794 confir-

173 826 286 876 mat,
318 822 553 864 haereticos
582 834 655 864 eos
674 852 686 875 ‚
721 823 795 877 qui
826 827 910 864 tres
929 823 1020 865 illas
1049 824 1333 867 confessiones
1353 837 1482 880 supra
1500 825 1598 867 lau-

173 892 294 935 datas
329 893 602 948 protulerunt
619 924 632 946 ‚
664 894 824 936 scilicet
853 895 1153 937 Semi-arianos
1169 927 1180 949 ‚
1220 914 1236 930 «
1256 908 1474 950 nunquam
1506 895 1596 938 fas-

172 977 262 1019 sos,
295 977 512 1020 nunquam
550 965 737 1008 fassuros
765 966 894 1007 fuisse
930 967 1083 1008 Filium
1114 979 1165 1008 ex
1197 968 1287 1007 usia
1316 967 1453 1009 Patris
1489 979 1597 1022 pro-

173 1037 378 1090 genitum.
402 1057 417 1072 »
452 1038 603 1079 Fateor
633 1049 729 1079 eum
758 1037 840 1090 hac
868 1038 912 1079 in
942 1051 988 1080 re
1017 1037 1214 1080 habuisse
1245 1038 1463 1080 Petavium
1493 1051 1596 1081 con-

172 1109 421 1150 sentientem
452 1107 531 1150 sibi
553 1122 565 1162 ;
598 1107 674 1150 sed
702 1121 770 1150 me
800 1121 890 1150 non
907 1113 1113 1164 perterret
1133 1114 1352 1152 tantorum
1371 1109 1597 1152 hominum

173 1180 431 1234 conspiratio
455 1212 467 1234 ,
505 1180 581 1235 qui
616 1180 891 1223 Athanasium
931 1194 955 1223 a
992 1193 1060 1223 me
1096 1194 1184 1224 esse
1220 1181 1430 1224 noverim.
1468 1181 1596 1233 Quod

173 1251 348 1305 quidem
378 1251 574 1293 concedit
603 1252 826 1305 Petavius,
858 1252 1134 1294 Athanasium
1163 1252 1419 1308 arbitratus,
1442 1257 1596 1308 utpote

170 1323 311 1364 minus
341 1327 552 1364 versatum
582 1323 628 1364 in
658 1323 968 1365 subtilitatibus
1009 1325 1385 1367 Semi-arianorum
1401 1357 1414 1379 ,
1455 1324 1595 1366 eredi-

170 1393 280 1435 disse
310 1393 356 1436 id
379 1406 452 1436 eos
470 1398 610 1436 tenere
630 1394 749 1449 quod
771 1407 860 1437 nen
880 1399 1087 1438 tenerent.
1125 1415 1140 1431 «
1164 1397 1330 1438 Horum
1353 1396 1593 1439 Semi-aria-

171 1477 326 1507 norum
342 1496 354 1518 ,
381 1483 397 1501 »
420 1465 567 1507 scribit
583 1498 595 1519 ,
634 1484 650 1500 «
671 1478 857 1520 quorum
887 1467 1188 1522 antesignanus
1207 1468 1290 1510 fuit
1311 1468 1488 1510 Basilius
1508 1468 1598 1510 An-

172 1549 298 1591 cyrae
328 1537 563 1592 Episcopus
580 1568 591 1590 ,
624 1550 801 1592 prorsus
833 1537 1014 1580 obscura
1043 1538 1124 1580 fuit
1154 1539 1336 1581 haeresis
1356 1571 1366 1580 .
1395 1571 1406 1581 .
1435 1571 1446 1580 .
1471 1543 1521 1581 ut
1539 1551 1594 1581 ne

170 1609 260 1663 ipse
291 1608 464 1663 quidem
493 1609 746 1652 Athanasius
776 1610 877 1652 satis
906 1611 1022 1653 illam
1051 1611 1315 1666 exploratam
1335 1610 1546 1654 habuerit.
1571 1630 1589 1648 »

170 1680 220 1720 de
253 1682 363 1721 Trin.
397 1682 436 1733 1,
466 1682 533 1722 10.
557 1682 594 1732 S.
622 1683 663 1723 7.

259 1751 372 1793 Haec
402 1752 599 1794 Petavius
617 1765 628 1805 ;
660 1764 775 1794 nunc
797 1756 946 1794 contra
966 1752 1182 1796 audiamus
1201 1753 1333 1796 verba
1355 1753 1591 1796 Athanasii.

175 1822 334 1864 «Viros
365 1824 440 1877 qui
468 1823 549 1865 alia
580 1823 752 1877 quidem
783 1824 927 1866 omnia
956 1825 1132 1867 Nicaeae
1163 1825 1322 1879 scripta
1351 1826 1562 1880 recipiunt
1577 1857 1590 1880 ,

170 1893 224 1936 de
258 1894 350 1935 solo
381 1899 522 1936 autem
551 1896 751 1936 homousio
784 1896 1005 1950 ambigunt
1025 1928 1037 1949 ‚
1070 1909 1158 1938 non
1187 1901 1235 1939 ut
1257 1898 1450 1940 inimicos
1471 1909 1594 1952 spec-

168 1964 249 2006 tari
276 1977 355 2020 par
385 1969 447 2007 est
474 1997 483 2006 .
515 1996 526 2007 .
556 1997 566 2007 .
603 1966 710 2008 Cum
747 1966 862 2008 enim
890 1970 1151 2020 confiteantur
1179 1982 1232 2009 ex
1261 1972 1350 2010 usia
1379 1970 1517 2010 Patris
1555 1973 1594 2011 et

167 2049 245 2077 non
274 2049 327 2077 επ)
357 2038 440 2078 alia
469 2037 671 2090 hypostasi
699 2051 780 2078 esse
816 2039 969 2080 Filium
996 2070 1006 2079 .
1037 2070 1048 2079 .
1080 2071 1090 2080 .
1117 2071 1127 2081 .
1164 2051 1254 2082 non
1284 2039 1412 2093 longe
1440 2038 1594 2082 absunt

168 2106 222 2149 ab
243 2108 436 2148 homousii
455 2120 560 2150 voce
584 2108 844 2164 recipienda.
864 2110 976 2152 Talis
999 2114 1062 2152 est
1083 2110 1259 2152 Basilius
1279 2111 1495 2165 Ancyrae,
1517 2111 1593 2165 qui

168 2178 221 2220 de
240 2178 323 2221 fide
344 2180 527 2234 scripsit.
555 2199 570 2216 »
597 2183 656 2221 De
674 2182 822 2233 synod.
847 2182 920 2222 41.
945 2181 1040 2233 Quo
1061 2182 1106 2223 in
1123 2181 1221 2223 loco
1244 2181 1462 2224 Athanasii
1483 2181 1593 2224 illud

169 2262 344 2305 quoque
373 2251 564 2294 notabile
594 2255 657 2294 cst
677 2256 889 2307 ‚praeter
918 2265 970 2294 ea
999 2265 1108 2307 quae
1139 2252 1193 2295 de
1217 2253 1594 2295 Semi-arianorum

167 2320 365 2363 doctrina
394 2326 574 2364 testatur
589 2354 601 2376 ‚
643 2323 764 2377 quod
801 2325 1028 2376 hypostasin
1067 2328 1111 2366 et
1146 2328 1274 2365 usiam
1314 2323 1428 2366 idem
1464 2323 1591 2378 plane

167 2392 266 2434 facit
297 2391 564 2436 fidelissimus
593 2393 721 2448 hujus
750 2393 952 2437 historiae
982 2395 1202 2450 interpres.
1229 2396 1376 2449 Neque
1398 2394 1442 2437 id
1465 2395 1592 2437 omit-

165 2461 341 2504 tendum
356 2467 435 2518 est,
456 2476 544 2519 quo
564 2465 866 2508 Semi-arianos
886 2466 1029 2520 pergit
1049 2478 1202 2520 urgere
1216 2497 1227 2519 ‚
1248 2465 1410 2508 idcirco
1432 2466 1593 2508 scilicet

170 2544 244 2574 eos
274 2532 430 2576 debere
464 2536 761 2577 «homousion»
796 2535 989 2591 profiteri
1007 2567 1019 2590 ‚
1053 2537 1154 2591 quia
1179 2535 1268 2592 jam
1287 2535 1592 2592 profiterentur

172 2622 189 2638 a
209 2615 260 2645 ex
279 2605 382 2656 usia,
409 2623 425 2640 »
461 2606 582 2660 quod
606 2607 796 2662 ipsorum
830 2611 985 2650 tessera
1014 2627 1029 2643 «
1049 2609 1298 2668 homoeusion
1320 2627 1336 2644 ι»
1373 2621 1462 2651 non
1491 2609 1594 2651 satis

174 2678 317 2730 posset
353 2676 526 2719 muniri.

256 2745 438 2791 Hilarius
470 2749 598 2805 item,
619 2747 730 2808 scum
752 2749 799 2796 id
820 2750 910 2806 agit
936 2755 986 2795 ut
1015 2763 1064 2796 ea
1094 2750 1293 2796 defendat
1327 2763 1435 2808 quae
1464 2751 1592 2796 Semi»
