1950 3340
970 215 1023 222 ...
1066 193 1116 234 18
1147 215 1206 222 -

372 277 605 327 ὀνομάζουσι.
638 273 794 317 Euseb.
822 287 867 330 p.
896 276 972 330 44,
997 274 1043 318 h.
1063 289 1102 318 c.
1135 276 1201 318 De
1230 276 1421 331 Imagine
1442 281 1609 333 autem,
1642 288 1715 322 πῶς
1738 279 1804 318 οὖν

373 350 493 388 εἰκόνα
522 356 588 389 τοῦ
611 351 767 403 ἀοράτον
790 356 884 387 Θεοῦ
915 354 977 387 τὸν
1009 357 1075 389 τοῦ
1109 357 1201 388 Θεοῦ
1223 350 1531 405 λόγονἈστὲριος
1557 352 1648 389 εἶναι
1666 357 1801 406 γεγρα-

370 439 428 476 φε,
462 427 498 461 αἱ
529 428 601 476 γὰρ
635 424 770 465 εἰκόνες
801 427 959 472 τούτων,
993 425 1041 460 ὧν
1075 427 1169 461 εἰσὶν
1203 422 1361 477 εἰκόνες,
1394 430 1456 462 καὶ
1490 425 1684 475 ἀπόντων,
1721 426 1800 463 δει-

370 503 488 536 κτικαί
523 500 628 534 εἰσιν·
661 499 734 538 πῶς
769 498 870 533 εἰκὼν
904 502 968 534 τοῦ
997 497 1157 548 ἀοράτου
1182 501 1276 532 Θεοῦ
1301 500 1318 533 ὁ
1336 498 1459 547 λόγος,
1482 503 1539 534 καὶ
1556 500 1665 541 αὐτὸς
1683 498 1800 550 ἀόρα-

371 586 433 614 τος
465 575 512 607 ὤν
532 586 540 615 ;
561 599 569 606 .
591 598 598 606 .
621 601 625 604 .
652 569 758 611 δῆλον
778 598 789 618 ,
830 573 982 611 ὁπηνίκα
1009 574 1071 610 τὴν
1103 569 1186 606 κατ’
1219 568 1340 606 εἰκόνα
1380 576 1446 608 τοῦ
1477 577 1570 607 Θεοῦ
1609 575 1799 622 γενομένην

370 645 536 694 ἀνείληφε
575 646 720 696 σάρκα,
761 645 862 679 εἰκὼν
898 643 1036 685 ἀληθῶς
1069 648 1135 679 τοῦ
1168 643 1327 694 ἀοράτου
1361 645 1443 680 θεοῦ
1482 647 1608 694 γέγονε
1639 655 1686 697 p.
1722 643 1799 696 47,

372 714 455 757 a-d
486 713 587 756 vid.
621 714 744 755 etiam
765 726 811 768 p.
837 713 937 766 142,
959 711 1005 754 h.

459 785 579 827 Idem
606 784 689 827 fert
717 784 1007 826 testimonium
1038 783 1302 839 Epiphanius
1333 785 1385 826 de
1421 784 1637 827 Photino:
1673 790 1799 837 φάσκει

373 854 480 899 οὗτος
515 859 577 895 ἀπ’
610 859 726 910 ἀρχῆς
758 863 821 895 τὸν
854 863 1012 910 Χριστὸν
1043 863 1088 908 μὴ
1122 856 1240 909 εἶναι,
1273 859 1343 896 ἀπὸ
1377 857 1417 894 δὲ
1450 865 1590 912 Μαρίας
1622 871 1668 912 p.
1695 859 1797 900 829,

462 930 546 982 (13)
579 928 791 982 Verbum,
823 929 869 971 in
896 927 982 970 fine
1012 928 1191 982 saeculi,
1223 928 1277 971 ad
1306 929 1444 971 Deum
1474 929 1666 983 rediens,
1707 942 1796 971 ear·

371 1013 469 1043 nem
493 1013 566 1042 seu
587 999 897 1042 humanitatem
915 1011 1005 1041 esse
1027 999 1291 1052 relicturum,
1318 1012 1453 1054 regno
1474 1000 1797 1043 valedicturum.

461 1072 558 1126 Quo
587 1073 633 1115 in
661 1073 787 1126 loco,
818 1070 947 1126 hujus
975 1071 1198 1113 haereseos
1229 1084 1393 1114 summa
1419 1071 1508 1113 fere
1540 1077 1583 1114 et
1624 1073 1764 1127 capite
1786 1103 1798 1126 ‚

371 1149 420 1187 ut
448 1145 493 1187 in
523 1157 601 1187 suo
633 1143 832 1199 symbolo
862 1143 1106 1185 indicarunt
1135 1144 1283 1185 Patres
1313 1143 1798 1198 constantinopolitani,

370 1216 529 1258 multus
552 1220 615 1258 est
635 1215 873 1257 Marcellus.
899 1215 1005 1256 Cum
1033 1234 1049 1250 «
1072 1227 1170 1256 caro
1191 1227 1281 1257 non
1303 1215 1480 1270 prodest
1499 1215 1735 1270 quidquam
1751 1246 1763 1268 ,
1779 1235 1795 1250 »

373 1288 594 1343 quomodo
627 1291 770 1343 potest
803 1287 961 1329 habere
991 1288 1290 1342 sempiternam
1321 1300 1418 1329 cum
1448 1287 1592 1330 Verbo
1620 1288 1802 1330 societa-

372 1366 460 1402 tem
478 1360 500 1402 ‘?
529 1373 604 1416 pp.
631 1361 714 1413 42,
745 1360 788 1401 3.
822 1358 935 1411 Quid
966 1358 1086 1413 quod
1115 1359 1325 1400 Dominus
1350 1358 1440 1414 jam
1483 1359 1648 1401 dixerat
1666 1392 1679 1414 ,
1718 1378 1734 1394 «
1760 1360 1802 1400 Si

373 1432 566 1474 videritis
596 1431 748 1474 Filium
777 1430 964 1472 hominis
993 1429 1291 1472 ascendentem
1320 1430 1395 1472 ubi
1420 1435 1510 1472 erat
1534 1430 1688 1485 prius?
1706 1450 1722 1466 »
1755 1429 1801 1472 id

375 1503 495 1558 quod
532 1502 703 1545 videtur
732 1503 908 1544 innuere
939 1502 1070 1543 Verbi
1109 1503 1415 1557 separationem
1454 1502 1568 1543 illam
1606 1515 1631 1543 a
1674 1514 1799 1543 carne

373 1588 450 1618 sua
478 1589 526 1630 p.
549 1577 621 1628 51,
645 1587 683 1616 6.
709 1575 746 1616 A
767 1574 986 1629 Propheta
1003 1586 1137 1628 porro
1167 1573 1320 1616 diserte
1347 1573 1508 1615 dictum
1530 1577 1616 1614 cst:
1657 1592 1673 1608 «
1694 1572 1800 1614 Sede

375 1660 399 1689 a
438 1645 597 1688 dextris
627 1646 731 1688 meis
760 1647 881 1687 donec
909 1657 1067 1701 ponam
1096 1649 1178 1686 etc.
1204 1664 1219 1680 »
1248 1649 1291 1686 et
1329 1657 1354 1686 a
1375 1644 1535 1686 Paulo:
1576 1663 1592 1678 «
1617 1644 1800 1698 Oportet

372 1719 495 1760 illum
511 1729 690 1772 regnare
712 1719 834 1759 donec
851 1721 982 1773 ponat
1004 1721 1087 1758 etc.
1109 1729 1156 1771 p.
1178 1718 1252 1769 51,
1276 1715 1319 1758 d.
1345 1719 1388 1757 et
1411 1728 1436 1757 a
1456 1717 1608 1757 Petro:
1629 1734 1646 1750 «ι
1662 1714 1798 1766 Quem

376 1794 550 1846 oportet
587 1791 756 1832 coelum
791 1790 1003 1844 suscipere
1040 1802 1162 1841 usque
1194 1789 1249 1829 ad
1290 1793 1487 1843 tempora
1523 1786 1801 1830 restitutionis

375 1863 567 1905 omnium
589 1866 672 1903 etc.
692 1880 708 1897 »
736 1874 782 1916 p.
809 1862 890 1915 52,
920 1873 961 1903 a.
1004 1862 1143 1903 Porro
1180 1859 1227 1901 in
1254 1857 1300 1902 id
1329 1859 1521 1901 universa
1551 1857 1801 1900 oeconomia

375 1934 573 1989 dirigitur
595 1965 607 1986 ,
640 1946 729 1976 non
758 1937 808 1975 ut
838 1945 863 1975 a
891 1931 1036 1974 Verbo
1053 1963 1065 1986 ,
1099 1930 1171 1974 sed
1192 1935 1239 1973 ut
1259 1930 1312 1972 ab
1335 1929 1509 1972 homine
1520 1961 1536 1984 ,
1557 1929 1694 1971 hostis
1716 1927 1799 1970 ho—

376 2008 500 2050 minis
529 2006 665 2061 possit
694 2004 876 2060 subjici,
910 2003 1075 2046 eoelum
1106 2002 1279 2058 aperiri.
1300 2015 1345 2057 p.
1370 2003 1445 2055 49,
1469 2014 1508 2044 6.
1535 2000 1581 2044 d.
1613 2001 1700 2040 οὐδὲ
1727 2006 1799 2052 γὰρ

377 2083 483 2122 αὐτὸς
516 2080 594 2116 καθ’
627 2082 757 2116 ἑαυτὸν
793 2082 810 2115 ὁ
831 2081 940 2128 λόγος
967 2079 1081 2129 ἀρχὴν
1114 2078 1299 2127 βασιλείας
1322 2078 1460 2124 εἴληφεν
1479 2103 1490 2123 ,
1516 2075 1594 2111 ἀλλ’
1618 2078 1636 2111 ὁ
1660 2075 1799 2114 ἀπατη-

375 2157 447 2196 Θιὶς
481 2156 550 2191 ὑπὸ
586 2158 651 2190 τοῦ
685 2151 860 2203 διαβόλου
893 2153 1106 2202 ἄνθρωπος7
1154 2149 1218 2186 διὰ
1251 2157 1310 2192 τῆς
1344 2150 1409 2186 ’co-3
1442 2149 1553 2198 λόγου
1586 2147 1797 2199 δυνάμεως,

375 2227 548 2278 βασιλεὺς
580 2228 750 2275 γέγονεν,
782 2226 844 2261 ἶνα
874 2224 1042 2274 βασιλεὺς
1064 2227 1254 2272 γενόμενος
1277 2227 1336 2259 τόν
1359 2225 1530 2273 πρότερον
1554 2222 1796 2260 ἀπατήσαντα

375 2304 498 2351 νικήσῃ
526 2298 717 2349 διάβολον.
750 2293 904 2337 Euseb.
930 2306 976 2349 p.
1001 2294 1074 2347 52,
1107 2305 1147 2335 a.
1173 2294 1422 2346 Praeterea,
1453 2292 1491 2334 si
1518 2291 1687 2333 initium
1716 2290 1798 2332 ha-

374 2368 520 2410 buerit
548 2380 730 2422 regnum
758 2365 865 2409 illud
895 2366 982 2407 400
1013 2369 1111 2407 ante
1151 2377 1307 2418 annos,
1343 2376 1432 2406 non
1468 2363 1624 2405 mirum
1664 2365 1727 2404 est
1765 2362 1800 2404 si

375 2440 533 2483 habeat
570 2439 700 2482 finem
734 2451 782 2494 p.
821 2439 900 2490 50,
941 2436 985 2479 d.
1025 2435 1142 2491 ὥσπερ
1180 2439 1296 2490 ἀρχὴν
1327 2434 1418 2475 οὕτω
1456 2442 1516 2474 καὶ
1553 2437 1654 2477 τέλος
1692 2431 1795 2479 ἐ’ξειν.

373 2524 422 2567 p.
449 2512 531 2565 52,
557 2524 596 2554 6.
632 2510 759 2563 Quod
788 2510 824 2552 si
853 2510 1073 2563 rogaverit
1102 2509 1338 2566 quispiam;
1371 2507 1484 2561 Quid
1512 2511 1605 2549 tum
1633 2505 1707 2548 fiet
1745 2505 1799 2547 de

377 2596 500 2626 carne
528 2583 602 2626 illa
630 2582 887 2636 immortali,
921 2581 1140 2636 quondam
1169 2581 1347 2638 propria
1373 2578 1547 2629 Verbi?
1575 2576 1800 2634 respondit

375 2655 599 2697 Marcellus
618 2686 630 2709 ,
673 2656 907 2707 δογματίζειν
941 2660 1020 2707 περὶ
1043 2659 1088 2692 ὧν
1121 2661 1165 2707 μὴ
1197 2656 1345 2707 ἀκριβῶς
1377 2651 1473 2709 [ἐκ]
1497 2661 1566 2692 τῶν
1599 2655 1699 2689 θείων
1731 2664 1798 2702 με-

376 2731 578 2780 μαθήκαμεν
599 2737 743 2782 γραφῶν
761 2756 773 2778 ,
811 2730 876 2767 οὐκ
897 2730 1063 2780 ἀσφαλὲς.
1089 2725 1246 2769 Euseb.
1269 2737 1313 2781 p.
1343 2726 1415 2778 53,
1439 2738 1480 2767 a.
1503 2731 1547 2778 μή
1569 2740 1638 2777 μου
1660 2725 1799 2763 πυνθα-

378 2814 442 2836 νον
473 2806 554 2852 περὶ
586 2796 631 2838 ὦν
661 2811 777 2853 σαφῶς
799 2805 898 2853 παρὰ
918 2810 977 2844 τῆς
999 2803 1095 2842 θείας
1117 2807 1257 2851 γραφῆς
1288 2805 1331 2851 μὴ
1362 2801 1558 2852 μεμάθηκα.
1589 2798 1654 2836 διὰ
1685 2803 1798 2836 τοῦτο
