1950 3340
722 252 780 259 ....
811 230 866 270 35
899 250 956 258 .-

133 315 333 359 creditur.
367 314 466 358 vid.
500 325 674 369 quoque
704 310 1055 367 Amphilochium
1083 306 1152 363 ap.
1182 310 1326 351 Tkeod.
1357 310 1484 350 Eran.
1505 321 1542 360 1,

132 400 178 442 p.
204 389 277 438 67,
303 388 377 441 qui
400 386 614 428 Christum
638 383 765 426 docet
801 382 980 436 dixisse,
1026 384 1150 424 Pater
1182 379 1318 435 major
1352 392 1420 421 mc
1453 384 1546 431 est,

138 476 153 491 «
179 470 229 499 ex
251 470 372 499 carne
404 461 446 498 et
469 469 555 498 non
579 459 615 494 ἐκ
644 462 840 509 προσώπου
873 458 1051 497 θεότητος.
1074 474 1090 490 ι»
1126 453 1204 495 His
1220 452 1326 494 locis
1355 452 1547 504 πρόσωπον

132 528 299 570 videtur
317 528 424 570 velle
443 532 658 583 aspectum
674 526 903 582 quendam,
923 538 1055 568 unum
1073 538 1097 566 e
1114 523 1272 576 multiS,
1291 522 1371 564 sub
1396 521 1551 577 quibus

133 612 200 641 res
230 599 375 641 eadem
405 603 546 653 potest
577 599 859 651 considerari,
894 597 1013 653 quod
1042 598 1139 639 item
1172 595 1402 638 Athanasio
1424 594 1552 636 usita-

133 674 223 711 tum
243 674 326 723 est3
347 669 434 711 vid.
469 671 517 710 de
539 672 658 710 Decr.
690 670 754 711 14.
793 671 906 710 Orat.
935 682 968 723 1,
990 669 1061 710 54.
1078 681 1131 722 11,
1158 669 1200 709 8.
1233 669 1340 709 Senc.
1362 668 1482 707 Dion.
1504 666 1546 706 4.

133 742 223 793 Qua
262 739 434 795 quidem
463 741 627 782 ratione
660 739 898 795 explicandi
927 744 1025 782 sunt
1055 739 1141 781 duo
1178 739 1294 791 loci,
1325 738 1371 780 in
1396 737 1552 792 quibus

134 811 302 858 videtur
331 815 500 853 sauctus
530 813 694 853 Doctor
724 811 787 853 uti
817 811 1030 852 vocabulo
1064 811 1277 864 πρόσωπον,
1308 814 1352 851 et
1378 809 1552 864 quidem

132 882 427 936 incommode,
472 883 517 924 in
557 895 608 924 eo
645 895 770 924 sensu
810 894 938 936 quem
979 882 1062 924 fert
1106 883 1150 924 in
1181 881 1398 935 theologia
1421 911 1433 934 ,
1466 880 1545 921 viz.

134 959 258 995 contr.
279 955 414 1005 Apoll.
429 965 481 1007 11,
499 954 524 993 2
542 957 584 995 et
607 955 673 994 10.
700 956 732 991 ἐν
757 954 930 1006 διαιρέσει
947 960 1164 1007 προσώπωυ;
1186 952 1262 994 ubi
1279 951 1548 1006 Lequienius,

136 1025 202 1075 (in
222 1024 412 1066 Damasc.
439 1026 606 1066 Dialect.
632 1026 686 1065 43
707 1027 717 1077 )
741 1029 864 1079 putat
885 1038 927 1066 se
949 1025 1151 1078 reperisse
1172 1023 1383 1077 singulare
1406 1033 1550 1063 exem-

135 1096 255 1150 plum
276 1097 394 1137 vocis
423 1096 612 1149 πρόσωπον
643 1109 724 1151 pro
757 1102 903 1137 natura
934 1095 1177 1149 adhibitae3
1210 1094 1316 1137 male
1347 1094 1550 1149 quidem,

135 1179 231 1208 cum
258 1167 347 1221 ipse
375 1166 627 1209 Athanasius
656 1169 698 1209 in
730 1168 862 1209 altero
886 1168 981 1209 loco
1004 1180 1048 1209 se
1072 1167 1284 1221 explicans
1303 1198 1315 1220 ,
1348 1172 1548 1219 προσώπων

136 1236 152 1281 ἠ’
175 1241 359 1290 ὀνομάτων
380 1238 542 1279 scribit.
568 1238 683 1290 Quae
710 1251 805 1280 cum
820 1239 880 1280 ita
895 1239 977 1279 sint
994 1271 1004 1292 ,
1027 1238 1204 1279 fortasse
1223 1238 1362 1279 miuus
1381 1237 1555 1279 audien-

136 1309 215 1350 dus
249 1314 311 1351 est
353 1309 703 1351 Montefaleonius
723 1342 734 1363 ,
765 1310 1046 1363 fragmentum
1086 1308 1304 1364 quoddam
1338 1309 1554 1350 Athanasii

136 1392 223 1420 non
251 1380 331 1421 nisi
361 1384 537 1434 propter
570 1380 702 1434 ipsam
733 1379 963 1421 dictionem
990 1379 1206 1434 rejiciens,
1235 1380 1323 1422 vid.
1352 1382 1458 1433 Opp.
1477 1384 1551 1433 t.1,

135 1462 180 1504 p.
214 1451 339 1491 1294.
375 1451 518 1492 Monet
548 1451 659 1492 euim
689 1455 787 1505 post
814 1451 1084 1493 sirmondum
1121 1452 1164 1493 in
1194 1451 1383 1494 Faeund.
1408 1464 1473 1506 XI,
1507 1453 1550 1492 2.

134 1521 253 1562 illum
283 1521 424 1562 locum
443 1522 655 1563 continere
679 1521 939 1576 doctrinam,
973 1541 987 1557 «
1009 1523 1061 1564 ab
1085 1523 1365 1565 Athanasiana
1386 1523 1555 1578 penitus

136 1592 458 1645 abhorrentem3
476 1612 491 1628 »
517 1592 614 1634 ideo
634 1598 772 1635 autem
795 1594 912 1647 quod
933 1595 1068 1636 versio
1091 1595 1218 1636 latina
1236 1625 1247 1646 ,
1272 1606 1398 1648 quam
1421 1593 1556 1635 solam

136 1662 356 1715 habemus,
389 1665 593 1718 proponit
627 1664 761 1706 «duas
781 1677 980 1719 personas
1000 1696 1010 1718 ,
1035 1678 1164 1707 unam
1186 1666 1297 1707 circa
1317 1665 1554 1717 homiuem,

137 1734 310 1776 alteram
332 1735 444 1776 circa
466 1734 667 1776 Verbum.
691 1754 707 1771 2>
737 1735 862 1787 Quod
881 1737 913 1777 si
931 1736 1100 1778 aliunde
1118 1736 1287 1780 ostendi
1307 1740 1449 1791 potest
1469 1748 1556 1777 uon

137 1817 225 1846 esse
247 1804 465 1846 Athanasii
484 1805 768 1858 fragmentum
789 1806 895 1848 illud
911 1839 922 1860 ‚
955 1805 1221 1861 abjudicetur
1253 1808 1416 1861 utique.
1452 1807 1556 1848 Cae-

135 1880 274 1917 terum
302 1876 346 1917 in
374 1888 499 1917 sensu
526 1877 698 1931 paulum
719 1876 907 1930 diverSO,
945 1890 1032 1919 non
1059 1879 1263 1920 tamenin
1285 1877 1552 1931 theologico,

138 1946 352 1988 vocabulo
381 1947 516 1988 utitur
547 1948 807 2003 Hippolytus
834 1949 878 1990 in
906 1949 1003 1991 loco
1033 1962 1160 2004 quem
1181 1950 1382 1991 Leontius
1412 1961 1557 1990 serva-

138 2018 228 2071 vit,
264 2018 396 2072 Hipp.
427 2020 531 2070 Opp.
566 2022 598 2059 t.
627 2020 669 2059 2.
700 2032 745 2073 p.
780 2021 852 2061 45.
888 2020 963 2062 ubi
996 2021 1185 2063 Christus
1220 2019 1456 2075 appellatur
1489 2020 1556 2057 δύο

138 2096 335 2143 προσώπων
367 2097 539 2140 μεσίτης,
566 2091 642 2131 Dei
664 2094 706 2131 et
726 2091 960 2133 hominum.

226 2163 447 2203 Praeterea
483 2161 599 2216 apud
635 2163 844 2205 Hilarium
866 2163 1042 2217 legimus
1059 2195 1070 2217 ,
1101 2182 1118 2199 «ι
1141 2163 1362 2217 utriusque
1386 2167 1560 2204 naturae

138 2244 400 2286 personam»
436 2234 484 2273 de
521 2236 631 2275 Trin.
666 2246 730 2286 ιχ,
768 2235 833 2276 14.
865 2233 955 2289 ejus
978 2234 1163 2276 hominis
1186 2246 1314 2288 quam
1336 2234 1562 2288 assumpsit

138 2315 320 2357 persona
340 2334 351 2355 ,
392 2323 407 2338 „
444 2306 597 2345 Psalm.
631 2305 702 2346 63.
724 2318 766 2346 n.
791 2307 834 2346 3.
868 2305 966 2347 vid.
1001 2305 1182 2348 eundem
1211 2309 1254 2347 in
1284 2308 1436 2347 I’salm.
1461 2307 1557 2348 138.

138 2375 231 2414 n.5.
258 2373 384 2428 Apud
404 2374 675 2417 Ambrosium
692 2407 702 2427 ,
731 2395 746 2410 «
766 2376 808 2417 in
828 2389 1006 2430 persona
1028 2377 1234 2429 hominis,
1265 2396 1281 2413 υ
1309 2378 1358 2418 de
1381 2378 1475 2418 Fz'cl.
1501 2390 1555 2430 11,

138 2456 182 2485 n.
198 2445 269 2485 61.
297 2457 339 2486 v.
360 2457 403 2486 n.
428 2446 525 2498 108,
555 2447 649 2487 124.
667 2449 747 2498 Ep.
767 2447 840 2498 48,
863 2461 905 2488 n.
924 2448 966 2488 4.
990 2447 1215 2501 Colligitur
1235 2452 1376 2489 autem
1395 2461 1443 2489 ex
1463 2449 1560 2490 loco

139 2514 328 2568 quodam
369 2516 577 2557 Paschasii
616 2517 793 2558 Diaconi
816 2550 828 2571 ,
854 2520 902 2559 de
926 2521 1035 2571 Spar.
1063 2531 1115 2571 11,
1140 2520 1183 2560 4.
1209 2531 1252 2573 p.
1287 2520 1363 2561 194
1387 2549 1398 2572 ,
1435 2531 1562 2573 quam

139 2584 284 2627 laudat
304 2586 502 2628 Petavius
523 2619 534 2641 ‚
568 2589 616 2629 cle
655 2590 766 2629 Trin.
795 2601 859 2642 v1,
882 2590 927 2643 4,
950 2592 971 2642 S
996 2591 1039 2643 3,
1076 2590 1332 2632 vocabulum
1358 2603 1528 2642 persona
1543 2621 1556 2642 ‚

140 2668 221 2710 pro
252 2656 455 2711 qualitate
483 2670 558 2700 seu
587 2662 700 2701 statu
720 2664 937 2715 sumptum
958 2693 970 2715 ,
1007 2662 1132 2703 etiam
1162 2662 1207 2703 in
1241 2665 1356 2704 sexto
1396 2661 1561 2704 saeculo

139 2726 344 2781 theologo
378 2739 502 2782 posse
525 2729 816 2783 imprudenter
845 2731 1053 2775 excidere.
1086 2732 1183 2776 Vid.
1220 2745 1393 2788 quoque
1431 2732 1560 2788 Cyril.

147 2796 268 2839 Alex.
294 2798 406 2840 Dial.
433 2811 474 2851 v,
504 2811 549 2854 p.
579 2801 678 2842 554.
