1950 3340
753 210 811 219 ...
841 187 895 229 43
926 209 986 218 -.

175 273 371 317 cianistas
385 272 523 315 solum
545 283 644 314 suos
670 270 996 324 confugiebant3
1022 281 1118 312 cum
1144 272 1284 311 autem
1307 268 1465 311 multos
1486 273 1586 324 post

175 356 308 386 annos
343 345 488 385 Patres
515 342 720 384 Ecclesiae
750 342 793 384 in
820 354 920 383 suos
948 353 1049 383 usus
1070 343 1315 382 convertere
1337 345 1583 395 caeperunt,

175 416 298 457 etiam
317 419 408 456 tum
425 415 649 468 Origenem
673 413 809 455 solum
832 413 1101 468 appellarunt
1125 415 1166 453 et
1195 411 1447 466 Dionysium
1463 442 1474 464 ,
1498 424 1585 453 non

174 486 479 541 Hippolytum,
511 497 599 527 non
635 484 916 539 Theophilum
934 515 946 537 ,
978 495 1066 526 non
1093 482 1197 524 alios
1221 482 1317 524 illos
1347 480 1399 524 de
1430 481 1587 536 quibus

173 570 302 612 supra
331 557 489 598 mentio
520 556 632 598 facta
662 560 740 597 est.
782 554 907 607 Quod
948 559 1088 597 autem
1118 566 1169 595 ne
1199 553 1584 595 versutissimorum

176 628 347 682 quidem
385 627 601 668 hominum
637 626 720 667 illis
755 625 1016 680 temporibus
1048 625 1094 666 in
1133 628 1315 666 mentem
1350 624 1467 665 venit
1485 654 1497 675 ,
1538 623 1582 664 id

174 699 424 740 recentiores
454 698 564 748 ausi,
598 697 678 738 hos
707 697 822 750 ipsos
851 695 1074 750 Hippolyti
1104 699 1144 736 et
1172 698 1436 736 caeterorum
1464 693 1585 735 locos

174 769 218 810 in
248 768 433 810 medium
462 767 754 822 protulerunt,
788 779 875 820 quo
906 765 1237 820 comprobarent
1257 764 1414 818 dogma
1435 777 1582 817 suum,

173 840 252 881 Dei
285 840 436 880 Filium
459 851 554 879 -non
576 850 664 879 esse
686 837 741 880 ad
762 838 1049 878 aeternitatem
1072 836 1281 889 genitum,
1313 835 1389 877 sed
1410 835 1456 878 in
1477 840 1589 878 tem-

175 923 282 965 pore
318 914 520 951 creatum.
556 908 718 960 Quibus
746 912 795 949 ut
825 911 1020 948 occurrat
1060 906 1229 960 BulluS,
1273 906 1447 948 eximius
1486 906 1587 948 alias

174 982 215 1023 in
248 982 325 1023 hac
354 981 528 1022 materie
558 980 766 1033 scriptor,
811 980 958 1020 Patres
999 989 1096 1019 reos
1118 1008 1130 1030 ,
1168 978 1212 1019 in
1243 977 1474 1029 Defensione
1513 991 1589 1018 succ

174 1053 289 1092 Fidei
320 1055 534 1102 Nicaenae,
570 1051 688 1092 illato
720 1049 893 1091 crimine
922 1049 980 1090 ita
1009 1048 1182 1101 liberat,
1223 1053 1271 1090 ut
1300 1048 1413 1090 ultro
1443 1053 1584 1090 tamen

174 1122 425 1163 confiteatur
446 1121 540 1163 illos
561 1120 734 1173 dixisse,
758 1119 990 1175 improprie
1011 1124 1145 1172 certe,
1170 1118 1245 1161 sed
1266 1119 1410 1174 aliquo
1433 1119 1582 1173 modo,

174 1192 364 1234 Verbum
390 1194 433 1233 in
464 1197 654 1246 tempore
684 1191 812 1233 fuisse
842 1191 1044 1246 genitum.
1071 1191 1218 1232 Plures
1239 1191 1398 1232 scilicet
1423 1191 1474 1232 iis
1496 1191 1588 1245 pla-

175 1265 308 1306 cuisse
344 1268 467 1318 putat
502 1262 628 1305 Verbi
665 1263 983 1316 generationes,
1025 1262 1211 1316 tropicas
1248 1262 1341 1304 illas
1380 1261 1583 1316 quidem,

174 1334 248 1376 sed
270 1347 378 1388 quae
400 1347 522 1376 verae
550 1333 831 1388 generationis
864 1332 958 1388 typi
985 1337 1121 1374 essent
1149 1336 1191 1373 et
1212 1332 1582 1385 adumbrationes3

174 1405 321 1459 quales
347 1409 445 1447 sunt
475 1403 564 1459 ejus
594 1404 848 1446 resurrectio
879 1416 904 1445 a
937 1404 1140 1457 mortuis,
1177 1403 1279 1446 item
1312 1404 1508 1446 nativitas
1537 1417 1586 1446 ex

172 1475 329 1528 Maria3
362 1475 500 1529 qualis
529 1488 688 1529 porr0,
722 1474 774 1517 de
805 1487 889 1529 qua
918 1474 1127 1528 agendum
1158 1479 1246 1529 est,
1281 1475 1422 1517 missio
1446 1475 1536 1530 ejus
1561 1489 1588 1518 a

172 1547 294 1588 Patre
326 1550 368 1587 et
402 1547 613 1600 processio
632 1578 644 1598 ,
683 1558 770 1600 quo
801 1558 867 1588 res
897 1546 1112 1588 universas
1147 1551 1322 1588 crearet.
1361 1547 1469 1588 Hinc
1498 1559 1586 1588 non

172 1621 340 1671 gravate
360 1617 556 1659 concedit
584 1617 746 1659 dictum
771 1617 987 1671 quoddam
1012 1616 1138 1658 fuisse
1170 1617 1510 1668 Catholicorum‚
1550 1618 1586 1659 si

172 1700 260 1729 non
276 1688 537 1730 Catholicum
555 1687 725 1742 dogma,
740 1692 831 1729 tum
847 1691 942 1730 ante
958 1687 1194 1730 Concilium
1202 1688 1379 1730 Nicaeae
1393 1688 1586 1730 habitum

172 1763 264 1800 tum
279 1763 378 1813 post
391 1790 402 1811 ,
428 1778 444 1794 «
467 1759 653 1800 Verbum
672 1760 874 1801 exstitisse
895 1763 1118 1813 antequam
1134 1760 1397 1813 gigneretur3
1424 1779 1440 1795 ι»
1465 1758 1585 1814 cujus

174 1830 234 1871 rei
258 1830 369 1870 inter
391 1830 469 1871 alia
486 1830 726 1871 testimonia
746 1829 919 1871 adhibet
939 1829 1067 1871 verba
1084 1830 1427 1872 Anathematismi
1440 1861 1451 1882 ,
1471 1843 1584 1885 quo-

174 1912 268 1941 rum
285 1900 675 1955 interpretationem
693 1901 736 1942 in
753 1913 831 1942 nos
844 1901 913 1943 hic
932 1901 1206 1956 suscepimus,
1225 1902 1453 1944 Contendit
1471 1902 1585 1944 enim

172 1973 318 2014 Patres
347 1973 551 2014 Nicaenos
581 1985 634 2014 eo
663 1973 757 2027 ipso
784 1972 902 2028 quod
924 1971 1253 2015 condemnarent
1280 1986 1353 2015 eos
1376 1974 1450 2029 qui
1473 1973 1587 2016 dice-

172 2046 267 2084 rent
289 2042 476 2084 Verbum
496 2055 582 2084 non
605 2043 808 2085 exstitisse
824 2048 918 2085 ante
931 2044 1245 2097 generationem
1262 2057 1379 2086 suam
1390 2076 1401 2097 ,
1418 2044 1584 2099 liquido

172 2113 425 2167 significasse
456 2119 621 2167 contra,
656 2114 839 2157 Verbum
860 2119 956 2156 ante
979 2115 1291 2168 generationem
1315 2128 1433 2157 suam
1453 2116 1581 2158 exsti-

171 2184 287 2225 tisse.
311 2184 457 2226 Nullus
480 2184 670 2238 dubitat,
695 2189 742 2227 ut
764 2186 894 2240 ipsius
918 2185 1037 2227 verbi
1062 2190 1156 2227 utar
1170 2216 1181 2238 ,
1207 2205 1224 2222 α
1243 2187 1347 2240 quin
1370 2187 1457 2228 hoc
1480 2199 1583 2241 pro-

173 2254 415 2297 nunciatum
426 2256 677 2298 Arianorum
689 2257 933 2311 oppositum
946 2256 1073 2299 fuerit
1084 2257 1389 2300 catholicorum
1405 2258 1584 2300 istorum

172 2326 399 2368 sententiae
414 2327 488 2380 qui
504 2325 706 2368 docerent
727 2327 879 2369 Filium
899 2327 1069 2382 quidem
1088 2328 1214 2382 paulo
1239 2333 1335 2370 ante
1364 2328 1585 2371 conditum

184 2395 390 2438 mundum
413 2397 695 2452 inexplicabili
725 2397 914 2453 quodam
943 2398 1073 2440 modo
1099 2412 1150 2440 ex
1172 2401 1296 2441 Patre
1315 2411 1586 2454 progressum

172 2466 298 2510 fuisse
320 2467 375 2510 ad
395 2468 736 2511 constituendum
757 2469 968 2511 universa.
993 2489 1008 2506 υ
1035 2470 1130 2522 Des.
1156 2473 1208 2512 N.
1235 2474 1285 2513 F.
1311 2483 1382 2525 111,
1407 2473 1451 2526 9,
1475 2474 1513 2523 5.
1537 2473 1581 2514 2.

259 2539 374 2581 Haec
391 2551 490 2582 sane
512 2539 565 2582 de
583 2540 664 2582 hac
681 2540 1025 2582 Anathematismi
1043 2540 1216 2583 Nicaeni
1236 2541 1418 2584 clausula
1435 2546 1584 2596 argute

173 2607 298 2650 nimis
320 2608 434 2652 dicta
460 2615 580 2664 sunt,
608 2615 650 2653 et
673 2610 848 2654 turbant
868 2610 1096 2653 verborum
1116 2624 1284 2654 sensum
1304 2612 1463 2667 alioqui
1481 2613 1584 2655 sim-

172 2679 327 2734 plicem
355 2685 398 2723 et
426 2681 702 2725 luculentum.
736 2683 841 2724 Nam
874 2682 1027 2738 procul
1055 2682 1189 2725 dubio
1226 2683 1271 2726 in
1301 2683 1374 2726 illa
1402 2682 1585 2726 formula

174 2749 444 2807 Arianorum,
459 2764 568 2808 quae
583 2766 607 2796 a
621 2753 819 2798 Patribus
834 2754 1092 2810 percellitur,
1107 2755 1350 2798 continetur
1362 2767 1588 2810 argumen-
