1950 3340
768 179 826 186 -.
858 158 912 197 59
946 179 1004 185 —

180 242 305 296 quia,
336 245 430 283 ante
462 239 698 282 Concilium
721 238 1052 281 Alexandrinum
1067 250 1136 280 an.
1155 237 1239 279 362
1265 237 1482 291 habitum,
1507 250 1602 282 sen-

179 324 249 354 sus
275 312 494 364 hypostasis
517 310 570 352 ab
601 311 689 351 usia
719 309 908 351 diversus
930 309 1046 351 nulla
1067 312 1176 350 esset
1197 307 1372 363 publica
1395 307 1602 351 Ecclesiae

179 383 430 425 auctoritate
451 382 653 424 munitus.
687 381 883 433 Quocum
905 379 1175 422 consentiunt
1199 379 1468 422 Constantius
1493 379 1598 432 (Ep.

177 457 298 495 Pom.
320 456 431 495 Rom.
468 466 543 507 pp.
570 454 672 504 274,
698 453 800 505 290,
818 452 947 503 462.)
979 450 1292 502 Tillemontius,
1317 451 1598 501 (mammeae.

178 526 320 577 §.15.)
345 525 545 578 Raetias,
569 524 825 575 (Oriyeaian.
841 535 894 575 11,
914 524 956 563 2.
976 535 1021 563 n.
1039 523 1106 573 3.)
1123 521 1420 563 Thomassinus
1443 522 1511 572 (de
1530 523 1602 562 In-

179 609 287 637 carn.
314 608 384 649 111,
415 597 475 647 1.)
510 599 552 637 et
582 595 773 636 Morinus
790 627 802 647 ,
837 594 903 645 (de
927 594 1038 634 Sacr.
1065 593 1210 634 Ordz‘n.
1231 604 1284 646 11,
1304 592 1372 644 6.)
1395 588 1601 634 'Maranus

177 671 343 719 autem,
375 666 538 718 (Praef.
566 667 620 706 acl
641 667 767 706 Basil.
790 666 828 716 S.
854 666 892 705 1.
918 668 951 705 t.
972 665 1014 705 3.
1034 665 1195 716 Maur.)
1222 663 1384 705 Natalis
1416 662 1598 705 Alexan-

178 737 275 790 der,
309 739 437 789 (Saec.
474 740 509 778 1.
537 739 644 778 De‘ss.
671 737 742 777 22.
770 736 872 777 circ.
898 734 997 787 fin.)
1024 736 1248 790 ‘Burtonus
1271 736 1544 786 (Testimonies
1562 739 1600 776 to

177 809 241 850 the
263 810 432 861 Trz'm'ty‚
451 810 596 860 n.7l.)
613 813 654 849 et
670 807 881 849 Routhius
899 807 1214 859 (Relliqu.Sacr.
1228 805 1394 861 vol.111,
1416 818 1462 861 p.
1485 806 1599 858 189.)

178 879 213 920 si
243 891 267 920 a
297 879 471 920 Petavio
506 878 776 930 dissentiunt,
809 881 853 919 at
883 881 996 919 certe
1026 889 1114 918 non
1151 876 1422 918 consentiunt
1454 875 1597 918 Bullo.

264 951 287 991 J
292 962 358 992 am
384 950 636 1004 palmarium
662 948 772 991 Bulli
792 948 877 990 hoc
902 952 964 990 est
983 980 995 1002 ,
1022 947 1141 1002 quod
1161 946 1338 988 Basilius
1357 978 1369 1000 ,
1402 959 1499 988 eum
1521 947 1599 989 Sa-

179 1019 373 1062 bellianis
396 1019 599 1062 dimicans
616 1053 626 1073 ‚
660 1020 760 1074 qui,
794 1031 912 1061 suam
933 1030 1023 1060 rem
1043 1021 1212 1072 agentes
1226 1050 1238 1071 ,
1266 1016 1464 1060 dicebant
1486 1018 1601 1060 Con-

182 1092 325 1133 cilium
355 1092 584 1134 Nicaenum
608 1093 810 1144 hypostasi
828 1095 870 1133 et
891 1094 1001 1132 usiae
1022 1102 1156 1132 unum
1179 1101 1345 1131 sensum
1372 1088 1572 1131 tribuisse
1586 1119 1598 1143 ,

179 1167 328 1204 contra
350 1162 458 1204 clara
478 1175 586 1204 voce
606 1163 864 1217 pronunciat
883 1164 1028 1204 Patres
1047 1160 1230 1202 voluisse
1248 1160 1353 1202 duas
1383 1172 1451 1202 res
1464 1191 1476 1213 ‚
1501 1172 1600 1202 cum

178 1233 342 1276 duabus
375 1234 538 1275 voculis
567 1238 788 1276 uterentur
805 1265 816 1287 ,
853 1238 895 1275 et
915 1245 1035 1275 suam
1056 1231 1211 1286 cuique
1232 1232 1318 1273 vim
1346 1232 1594 1286 assignasse.

267 1305 480 1346 Provocat
507 1305 632 1346 etiam
659 1304 711 1346 ad
741 1305 1006 1346 Anastasium
1045 1307 1292 1354 testantem,
1335 1304 1491 1355 Hodey.
1524 1303 1597 1344 21.

179 1376 276 1426 (22.
301 1388 346 1429 p.
373 1375 511 1428 243?)
543 1377 688 1417 Patres
711 1376 919 1417 Nicaenos
953 1374 1191 1417 definivisse
1217 1378 1302 1416 tres
1327 1386 1415 1415 esse
1452 1373 1596 1428 hypo-

177 1450 302 1487 stases
336 1447 379 1487 in
406 1447 664 1488 sanctissima
692 1446 907 1488 Trinitate.
942 1445 1069 1498 Quod
1093 1445 1264 1500 quidem
1287 1445 1595 1499 testimonium,

177 1517 230 1558 ab
253 1518 471 1559 Anastasio
488 1518 581 1572 ipso
605 1517 795 1560 Andreae
818 1519 1089 1559 samosateno
1113 1518 1379 1572 inscriptum,
1396 1516 1595 1558 Petavius

177 1592 298 1642 putat
317 1601 405 1629 csse
438 1588 591 1630 Gelasii
620 1588 842 1643 Cyziceni,
868 1601 954 1630 non
980 1588 1215 1642 gravissimi
1241 1586 1451 1640 auctoris;
1474 1585 1598 1628 testi-

177 1660 366 1700 monium
385 1664 523 1701 autem
539 1664 601 1702 est
618 1660 902 1715 Amphilochii
919 1671 1116 1714 quoque,
1135 1659 1247 1701 idem
1266 1658 1354 1700 fere
1370 1657 1593 1700 scribentis

179 1729 295 1784 apud
327 1730 505 1772 eundem
525 1731 789 1772 Anastasium
809 1732 909 1772 ibid.
934 1743 972 1772 c.
1005 1732 1070 1771 10.
1094 1743 1139 1784 p.
1171 1731 1268 1771 164.
1294 1729 1395 1772 Vid.
1420 1741 1597 1784 quoque

178 1812 216 1841 c.
245 1803 287 1841 9.
313 1813 355 1854 p.
390 1802 485 1841 150.
513 1813 550 1842 e.
579 1803 649 1842 24.
675 1813 720 1854 p.
749 1802 849 1842 364.
874 1801 950 1842 ubi
980 1800 1224 1842 Anastasius
1259 1801 1349 1855 ipse
1384 1800 1594 1855 loquitur.

179 1870 398 1913 Accedunt
435 1872 519 1914 loci
560 1884 608 1913 ex
645 1866 866 1927 Dionysio
891 1871 1098 1914 Pontifiee
1133 1872 1351 1925 Romano,
1389 1871 1597 1926 Dionysio

178 1941 459 1984 Alexandrino
471 1974 482 1994 ,
501 1941 682 1984 Eusebio
704 1943 985 1996 Caesariensi,
1010 1943 1192 1996 Origene
1209 1954 1404 1997 quoque,
1430 1954 1456 1983 a
1473 1941 1598 1983 Bullo

178 2012 319 2065 citati3
352 2013 396 2054 in
427 2012 582 2066 quibus
614 2013 788 2066 singulis
807 2044 819 2066 ‚
853 2025 951 2055 cum
977 2014 1133 2055 mentio
1162 2013 1216 2055 sit
1239 2014 1371 2055 trium
1405 2013 1594 2066 hyposta-

176 2086 304 2134 sium,
334 2083 461 2124 trium
497 2087 637 2125 autem
667 2084 856 2125 similiter
884 2087 1063 2125 usiaram
1095 2084 1212 2126 nulla
1239 2083 1284 2125 in
1314 2083 1507 2138 patribus
1544 2081 1601 2124 sit

177 2154 362 2205 mentio,
395 2155 662 2209 perspicuum
694 2159 756 2196 est
785 2157 1025 2207 hypostasim
1046 2160 1150 2197 tunc
1171 2155 1423 2209 expressisse
1444 2153 1592 2196 notio-

178 2237 273 2266 nem
307 2225 516 2279 aliquam,
551 2238 679 2280 quam
708 2230 795 2266 usia
837 2238 924 2267 non
962 2226 1228 2280 exprimeret.
1264 2223 1440 2267 Accedit
1476 2223 1598 2279 quod

180 2295 432 2337 Athanasius
463 2297 554 2350 ipsc
585 2296 637 2338 de
669 2296 806 2338 tribus
843 2298 1115 2349 hypostasibus
1146 2296 1364 2351 loquitur,
1403 2297 1454 2337 In
1490 2295 1599 2337 illud

181 2367 323 2407 Omnia
347 2369 388 2408 6.
417 2369 568 2420 Eoepos.
596 2369 687 2408 Fid.
715 2369 757 2408 2.
784 2367 882 2410 Vid.
910 2379 1082 2422 quoque
1104 2369 1266 2409 Ine-arn.
1286 2380 1322 2408 c.
1350 2368 1491 2408 Arian.
1524 2366 1592 2407 lo.

184 2438 297 2478 Orat.
316 2438 376 2487 iv,
393 2438 466 2478 25.
491 2442 582 2480 init.

225 2507 228 2510 ’
268 2508 361 2549 Hoc
392 2508 444 2550 de
475 2508 650 2550 testibus
688 2509 819 2564 ipsis:
867 2522 980 2552 nune
1019 2509 1072 2552 de
1115 2509 1358 2551 haeresibus
1397 2507 1561 2551 duabus
1583 2539 1596 2563 ,

180 2590 286 2631 quac
318 2591 367 2620 ex
396 2579 460 2621 his
491 2579 667 2622 vocibus
697 2584 895 2623 tesseram
914 2613 926 2634 ‚
959 2580 1039 2622 sibi
1071 2592 1264 2636 quaeque
1304 2591 1452 2634 suam,
1492 2591 1600 2622 con-

181 2647 323 2689 fecisse
354 2647 565 2691 dicuntur.
600 2649 827 2693 Contendit
857 2650 1005 2692 Bullus
1027 2650 1339 2693 distinctionem
1361 2649 1508 2693 fecisse
1530 2649 1603 2692 Se-

179 2719 429 2762 mi—arianos
464 2721 575 2763 inter
614 2723 742 2763 usiam
782 2727 824 2765 et
862 2724 1089 2776 hypostasin
1101 2738 1117 2774 ‚·
1149 2735 1199 2765 cx
1230 2723 1431 2776 hypostasi
1465 2720 1604 2764 Patris
