1950 3340
941 162 1182 203 -60—

344 260 431 290 esse
461 246 614 288 Filium
645 246 922 299 concessisse,
958 258 1010 287 ex
1039 248 1127 286 usia
1157 255 1346 299 negasse.
1383 243 1519 296 Quare
1542 275 1553 298 ‚
1599 245 1773 300 quando

342 319 667 362 anathematizat
698 317 936 359 Concilium
963 329 1038 358 eos
1059 316 1134 371 qui
1155 328 1206 358 ex
1228 319 1316 357 usia
1339 317 1485 358 Patres
1510 321 1663 370 negant
1682 330 1770 359 esse

346 391 522 444 Filium,
554 389 655 431 ferit
686 388 1022 441 Semi-arianos3
1056 386 1230 442 quando
1262 399 1337 429 eos
1368 387 1443 442 qui
1474 399 1524 428 ex
1551 388 1770 440 hypostasi,

348 462 505 516 (credo
547 462 687 504 virum
728 460 905 502 doctum
943 459 1029 501 hoc
1063 459 1196 513 velle,
1238 471 1327 501 non
1362 463 1506 513 aperte
1536 459 1774 514 loquitur,)

346 535 539 578 Arianos.
573 532 828 586 Diligentius
857 542 948 572 rem
979 529 1258 572 excutiamus.

443 610 480 648 l.
516 605 679 658 Incipio
694 636 706 658 ,
741 615 829 644 non
859 614 885 644 a
906 601 1110 655 testibus,
1136 600 1210 643 sed
1230 601 1285 643 ab
1308 601 1387 642 hac
1410 601 1774 655 interpretatione,

348 690 477 733 quam
491 708 503 729 ‚
526 675 650 730 quasi
674 687 724 716 ex
746 673 926 716 historia
946 677 1190 728 temporum
1210 671 1380 714 ductam
1395 703 1406 725 ‚
1431 672 1779 714 Anathematismi

347 748 490 791 verbis
520 747 586 788 vir
617 745 888 788 doctissimus
906 744 1107 799 imponit.
1134 743 1314 796 Quinam
1334 747 1431 784 sunt
1453 744 1504 795 ii,
1529 743 1604 798 qui
1619 775 1630 797 ,
1655 743 1777 784 Bullo

344 820 506 876 judice,
522 821 727 871 negarent
750 829 800 858 ex
823 817 1022 869 hypostasi
1039 815 1177 858 Patris
1197 827 1285 857 esse
1304 815 1487 856 Filium?
1513 814 1780 856 Concedatur

348 892 418 934 hic
450 889 749 932 Semi-arianos
789 886 942 929 dixisse
978 906 993 922 «
1010 899 1059 929 ex
1082 887 1164 929 alia
1186 887 1300 940 usia,
1324 906 1338 921 »
1375 891 1418 928 at
1449 887 1620 941 quinam
1653 884 1775 926 dixe-

350 964 437 1006 rint
471 981 487 997 «
510 974 560 1003 ex
589 960 670 1002 alia
699 960 931 1012 hypostasi?
955 978 970 994 »
1013 956 1465 1013 Ariani?2,rejecerunt
1501 957 1570 998 isti
1605 970 1656 998 ex
1692 958 1781 997 usia

349 1036 498 1090 utique
512 1064 524 1083 ‚
550 1031 623 1074 sed
645 1030 696 1072 de
719 1032 944 1084 hypostasi,
976 1034 1177 1086 tanquam
1199 1030 1362 1072 diversa
1383 1029 1436 1071 ab
1459 1031 1546 1069 usia
1563 1060 1574 1082 ‚
1609 1041 1661 1070 ne
1683 1041 1780 1070 ver-

350 1106 455 1148 bum
485 1102 660 1158 quidem
677 1102 966 1157 protulerunt.
987 1103 1078 1156 Ego
1096 1114 1197 1144 vero
1217 1114 1428 1156 nusquam
1447 1114 1534 1143 csse
1556 1105 1656 1142 tunc
1675 1104 1781 1141 tem-

350 1177 470 1233 poris
486 1175 580 1217 illos
603 1174 838 1216 haereticos
862 1174 1072 1216 existimo.
1110 1175 1225 1216 Haec
1246 1178 1386 1215 autem
1411 1172 1606 1227 jacienda
1632 1176 1752 1214 erant
1767 1204 1778 1225 ‚

350 1260 494 1291 severe
514 1259 602 1288 non
621 1244 882 1301 conjectura,
901 1246 1021 1301 quasi
1034 1245 1309 1288 fundamenta
1321 1244 1448 1300 hujus
1465 1244 1779 1299 interpretatio-

353 1321 437 1372 nis3
460 1321 496 1361 si
519 1319 637 1361 nulla
658 1323 756 1360 sunt
770 1349 781 1371 ,
808 1318 972 1360 corruit
991 1318 1243 1360 aedificium.
1266 1320 1370 1360 Nam
1393 1318 1505 1359 Bulli
1529 1318 1633 1359 haec
1655 1316 1780 1371 plane

351 1391 599 1447 principalis
619 1394 662 1432 et
692 1389 888 1432 absoluta
918 1394 980 1431 est
1009 1389 1248 1444 propositio
1266 1419 1278 1443 ,
1303 1390 1400 1432 illos
1417 1389 1491 1443 qui
1508 1392 1709 1442 negarent
1731 1400 1781 1428 ex

351 1466 441 1503 usia
463 1474 552 1503 non
575 1474 662 1503 esse
683 1473 755 1503 eos
776 1461 850 1515 qui
870 1465 1074 1514 negarent
1097 1473 1148 1502 ex
1169 1461 1386 1513 hypostasi.
1421 1461 1670 1512 Quaerimus
1693 1458 1780 1500 duo

353 1545 510 1588 genera
531 1532 870 1584 haereticorum3
903 1535 946 1573 et
976 1543 1065 1573 non
1095 1530 1287 1586 designat
1316 1531 1428 1573 ullos
1452 1531 1645 1572 homines
1661 1563 1672 1584 ‚
1707 1530 1781 1584 qui

356 1604 553 1658 negarint
585 1616 636 1645 ex
666 1603 888 1656 hypostasi,
927 1615 978 1644 ex
1006 1607 1095 1643 usia
1125 1614 1214 1644 non
1243 1603 1450 1656 negarint.

444 1676 486 1716 2.
522 1674 684 1716 Deinde
701 1705 712 1727 ,
737 1674 1045 1717 Semi-arianos
1064 1675 1248 1717 tenuisse
1272 1688 1323 1716 ex
1342 1676 1540 1728 hypostasi
1562 1685 1687 1716 sensu
1705 1673 1780 1714 illo

354 1745 559 1801 peculiari
576 1759 796 1799 personae,
825 1757 952 1801 quem
973 1749 1062 1786 usia
1081 1758 1168 1788 non
1191 1746 1342 1799 habet,
1366 1746 1451 1788 hoc
1474 1745 1601 1788 unico
1624 1744 1782 1799 probat

352 1820 604 1871 argumento
621 1847 633 1869 ‚
667 1815 787 1871 quod
817 1820 903 1858 tres
931 1816 1027 1858 illae
1057 1818 1435 1860 Semi-arianorum
1458 1817 1777 1870 ConfessioneS‚

355 1901 455 1930 ann.
482 1889 584 1941 341,
610 1888 711 1942 344,
734 1889 836 1941 351,
862 1899 972 1943 quae
991 1888 1213 1942 sigillatim
1232 1889 1499 1944 appellantur
1522 1887 1653 1930 Marci
1674 1888 1781 1928 Are-

353 1957 487 2001 thusii
506 1989 517 2011 ‚
542 1958 874 2012 Maerostichus‚
900 1963 942 2001 et
965 1959 1100 2014 prima
1120 1960 1372 2014 Sirmiensis,
1397 1960 1494 2002 illos
1514 1958 1778 2001 anathemate

355 2029 514 2080 feriunt
545 2030 621 2085 qui
652 2029 846 2073 dicerent
876 2030 1030 2072 Filium
1060 2043 1149 2074 esse
1186 2051 1201 2065 «
1222 2044 1273 2073 ex
1302 2032 1383 2074 alia
1414 2032 1613 2084 hypostasi
1633 2034 1676 2072 et
1694 2042 1782 2071 non

355 2114 381 2144 a
413 2102 506 2143 Deo
521 2133 533 2155 ,
558 2121 574 2137 »
610 2102 916 2157 praetermissis
945 2102 1087 2145 verbis
1123 2121 1138 2138 «
1158 2115 1208 2144 ex
1238 2102 1318 2145 alia
1346 2106 1458 2155 usia,
1486 2122 1500 2137 υ
1538 2114 1647 2156 quae
1684 2099 1782 2142 inde

359 2172 581 2216 concludit
611 2186 700 2215 esse
731 2173 911 2229 propria
940 2173 1332 2216 Semi-arianorum.
1367 2174 1480 2226 Quid
1503 2173 1634 2214 velint
1655 2171 1785 2214 verba

356 2243 430 2286 1113
458 2244 774 2299 praetermissa,
814 2257 915 2287 mox
946 2244 1173 2287 dicendum
1203 2245 1308 2298 erit3
1349 2246 1506 2287 interea
1535 2233 1686 2286 notatu
1712 2242 1782 2285 di-

357 2325 491 2368 gnum
523 2319 609 2368 est,
643 2315 955 2359 confessionem
985 2316 1451 2371 Phssippopolstanam,
1477 2328 1527 2358 ex
1550 2315 1681 2357 Marci
1710 2314 1783 2356 illa

355 2386 642 2431 Semi-ariana
659 2391 896 2442 sumptam,
922 2388 1131 2431 Hilarium
1145 2388 1206 2431 ita
1223 2400 1311 2430 non
1332 2387 1559 2442 suspicari,
1581 2390 1783 2440 tanquam

356 2457 627 2512 lacunosam‚
663 2458 766 2512 quia
797 2458 986 2501 omiserit
1021 2478 1037 2494 «
1061 2471 1111 2500 ex
1141 2459 1223 2501 alia
1246 2461 1358 2510 usia,
1384 2477 1400 2493 »
1428 2462 1476 2500 ut
1498 2457 1613 2499 illam
1635 2459 1783 2499 contra

356 2527 556 2571 defendat
590 2541 641 2571 eo
672 2529 766 2585 ipso
797 2529 918 2586 quod
948 2530 1193 2583 retinuerit,
1230 2533 1278 2572 ut
1307 2533 1430 2584 putat
1444 2559 1456 2582 ‚
1481 2532 1679 2570 tesseram
1702 2527 1782 2569 Ca-

356 2599 645 2655 thfflicorum,
678 2602 728 2642 de
757 2603 854 2655 Syn.
883 2603 955 2644 35.
990 2601 1112 2656 quod
1140 2601 1314 2657 quidem
1341 2600 1518 2657 perinde
1541 2603 1630 2653 est,
1664 2591 1783 2654 quasi

354 2675 502 2725 aperte
527 2671 678 2715 dixerit
707 2691 723 2708 «
744 2685 794 2715 ex
815 2673 897 2717 alia
917 2674 1118 2727 hypostasi
1139 2677 1182 2716 et
1198 2685 1286 2716 non
1298 2685 1349 2715 ex
1367 2673 1477 2725 Deo,
1497 2690 1512 2706 »
1539 2669 1656 2712 idem
1674 2669 1782 2711 velle

357 2745 486 2797 atque
517 2755 567 2785 ex
590 2743 672 2788 alia
694 2745 896 2798 hypostasi
922 2744 990 2788 vel
1009 2748 1113 2788 usia.
1142 2763 1159 2782 »
1194 2743 1368 2789 Accedit
1390 2742 1510 2799 quod
1531 2740 1783 2785 Athanasius
