1950 3340
1018 201 1072 207 -
1108 178 1164 220 30
1193 199 1254 208 -.

434 272 480 315 p.
508 261 610 302 613.
631 263 712 312 fin.
745 271 790 315 p.
819 261 920 302 618.
955 262 1127 316 Saepius
1159 268 1352 315 ὁμοούσιον
1377 263 1584 308 adhibens
1605 268 1782 310 Proclus
1802 269 1847 312 in

432 332 649 386 theologia
660 331 923 386 explicanda,
940 332 1011 375 hic
1025 345 1112 376 non
1128 334 1303 378 adhibet
1317 335 1362 377 in
1372 337 1638 380 oeconomia.
1655 338 1844 382 Athana-

428 405 514 446 SiUS
532 409 694 446 autem:
719 409 780 443 τὸν
801 409 973 457 ἡνώμενον
994 412 1107 459 πατρὶ
1128 413 1220 446 κατὰ
1240 414 1400 461 πνεῦμα,
1422 413 1502 461 ἡμῖν
1525 409 1565 447 δὲ
1586 414 1681 448 κατὰ
1704 416 1842 463 σάρκα.

427 490 497 529 ap.
522 475 681 518 TheOd.
708 478 836 517 Eran.
859 489 911 530 11,
937 479 1091 532 p.l39.
1117 478 1256 521 Alibi:
1289 483 1354 519 οὐκ
1377 483 1413 519 ἐκ
1434 487 1592 535 Μαρίας,
1616 485 1694 520 ἀλλ’
1718 485 1755 521 ἐκ
1779 493 1840 526 τῆς

428 552 558 588 ἑαυτοῦ
575 551 700 593 οὐσίας
724 557 839 600 σῶμα.
865 550 919 589 ad
947 551 1079 602 Epict.
1109 552 1150 591 2.
1187 551 1284 594 vid.
1310 564 1485 608 quoque
1507 553 1639 596 verba
1670 559 1843 608 ὁμογενὴς

425 626 469 663 et
499 627 685 674 ὁμοούσιος
724 621 837 662 inter
876 633 921 662 se
966 622 1167 675 opposita
1196 624 1245 664 de
1273 625 1379 666 Sene.
1404 627 1525 667 Dion.
1556 627 1623 667 10.
1657 626 1843 669 Eandem

425 706 513 735 rem
536 693 733 748 exprimit
755 696 887 736 τέλειος
920 695 1106 745 ἄνθρωπος
1124 723 1135 743 ,
1159 707 1199 735 e.
1221 706 1263 748 g.
1287 696 1429 738 Procl.
1450 698 1505 737 ατ]
1520 699 1635 738 Arm.
1661 710 1706 752 p.
1735 699 1838 751 613,

425 778 555 820 quam
586 764 759 819 quidem
787 765 962 819 phrasin
978 796 990 818 ,
1023 765 1076 806 ab
1100 766 1344 821 Apollinare
1373 765 1574 822 rejectam
1592 799 1603 821 ‚
1629 769 1841 824 Eutyches

424 836 601 891 recepit.
631 838 779 877 Concil.
801 837 884 877 t.2.
911 849 957 890 p.
988 838 1085 878 157.
1110 837 1240 879 Leon.
1266 839 1397 890 Epist.
1425 839 1496 879 21.

512 909 668 950 Contra
696 907 750 948 ab
781 907 1002 949 Eustathio
1031 920 1099 949 an.
1129 910 1229 950 325.
1256 913 1370 951 certe
1389 908 1551 952 dictum
1574 915 1653 964 cst,
1686 911 1840 954 Christi
1880 900 1883 907 ’

423 979 606 1022 animam
637 991 725 1021 esse
755 988 834 1023 ταῖς
864 981 1003 1031 ψυχαῖς
1036 989 1104 1019 τῶν
1137 983 1326 1034 ἀνθρώπων
1361 986 1556 1033 ὁμοούσιον
1577 1014 1589 1036 ‚
1628 981 1742 1037 ὥσπερ
1776 991 1835 1022 καὶ

421 1059 440 1095 ἡ
472 1056 560 1106 σάρξ
594 1052 786 1104 ὁμοούσιος
817 1061 859 1104 τὴ
891 1061 960 1091 τῶν
992 1055 1186 1105 ἀνθρώπων
1219 1059 1335 1106 σαρκὶ.
1367 1056 1447 1107 Ap.
1470 1054 1776 1096 Themi-Eran-
1799 1069 1832 1098 1.

421 1126 545 1181 p.56.
570 1129 612 1166 ct
630 1123 684 1166 ab
705 1123 934 1167 Ambrosio
955 1127 1054 1167 ibid.
1077 1127 1231 1181 p.l39.
1257 1130 1448 1180 ὁμοούσιον
1468 1130 1520 1178 τῷ
1533 1133 1646 1178 πατρὶ
1661 1133 1756 1166 κατὰ
1772 1135 1835 1170 τὴν

423 1202 601 1246 θεότητα,
625 1203 684 1235 καὶ
718 1202 910 1249 ὁμοούσιον
944 1203 1021 1250 ἡμῖν
1054 1205 1148 1237 κατὰ
1179 1205 1239 1242 τὸν
1272 1201 1547 1253 ἀνθρωπότητα;
1581 1198 1705 1252 (Vid.
1730 1212 1838 1254 quo-

422 1283 506 1325 que
522 1271 675 1311 Leont.
695 1272 830 1311 Contr.
845 1272 954 1311 Nest.
972 1275 1011 1311 et
1023 1272 1061 1312 E
1063 1272 1195 1324 utyeh.
1210 1273 1384 1326 p.977.)
1403 1271 1521 1326 quod
1532 1271 1724 1314 mirabile
1738 1283 1836 1313 sane

420 1342 501 1383 erit
522 1342 556 1383 si
582 1340 635 1382 ab
663 1340 892 1382 Ambrosio
923 1342 1127 1396 scriptum
1147 1346 1208 1384 est
1225 1375 1236 1396 ,
1269 1347 1312 1384 at
1331 1348 1477 1384 sancto
1499 1343 1678 1384 Doctori
1699 1355 1834 1397 paene

419 1412 684 1468 abjudicatur
715 1425 739 1454 a
768 1412 970 1454 Maurinis
1001 1415 1104 1466 Opp.
1139 1417 1245 1455 tom.
1274 1415 1315 1454 2.
1349 1426 1394 1468 p.
1430 1415 1531 1457 729.
1565 1413 1676 1466 Quid
1713 1413 1834 1468 quod

418 1485 643 1528 Leontium
664 1483 778 1526 hunc
791 1515 802 1537 ‚
835 1484 879 1525 in
910 1483 1030 1538 cujus
1053 1497 1181 1539 opere
1202 1486 1411 1538 occurrit,
1445 1485 1574 1527 alium
1596 1497 1684 1526 esse
1706 1489 1832 1539 atque

418 1561 634 1600 auctorem
656 1556 775 1597 illum
794 1556 868 1610 qui
889 1557 1101 1610 scripserit
1123 1556 1175 1598 de
1196 1557 1318 1598 sectis
1338 1587 1349 1610 ‚
1373 1557 1606 1599 Constantii
1623 1555 1832 1610 judicium

416 1634 507 1682 est,
540 1629 724 1682 Append.
766 1629 897 1680 Epist.
932 1631 1052 1669 Pont.
1088 1631 1200 1670 Rom.
1226 1642 1272 1684 p.
1302 1631 1373 1683 79,
1406 1641 1458 1670 co
1488 1633 1626 1670 autem
1660 1629 1831 1670 nomine

416 1700 560 1756 (quod
583 1699 638 1741 ad
652 1712 744 1741 rem
759 1703 949 1741 nostram
968 1700 1093 1752 facit)
1116 1701 1216 1754 quia
1234 1701 1372 1742 minus
1400 1719 1415 1735 «
1438 1703 1660 1742 accuratus
1679 1719 1695 1735 »
1724 1701 1828 1742 scri-

414 1778 516 1829 ptor
540 1777 616 1814 est.
654 1773 710 1813 At
729 1775 872 1812 tamen
888 1770 1030 1813 videas
1053 1771 1168 1813 aliud
1188 1772 1399 1826 specimen
1416 1770 1605 1826 ejusdem
1624 1771 1830 1813 formulae

419 1846 463 1887 in
477 1843 717 1898 Theophilo
748 1844 827 1896 Ap.
850 1842 1013 1884 Theod.
1037 1845 1165 1886 Eran.
1193 1856 1246 1897 11,
1273 1856 1319 1898 p.
1350 1844 1446 1884 154.

504 1918 555 1968 (5)
587 1917 734 1970 Neque
763 1913 870 1956 illud
899 1914 990 1956 leve
1028 1919 1115 1968 est,
1153 1914 1294 1970 quod,
1319 1926 1416 1956 cum
1437 1913 1491 1956 ab
1525 1918 1716 1966 ὁμοούσιον
1746 1920 1826 1967 ἡμῖν

412 1986 728 2044 proferentibus
740 1998 824 2028 vox
844 1988 953 2024 οὐσία
967 1998 1048 2041 pro
1062 1992 1164 2039 φύσις
1185 1987 1272 2028 sive,
1286 1990 1388 2037 γένος
1408 1990 1614 2038 sumatur,
1632 1991 1824 2038 ὁμοούσιον

412 2065 553 2102 autem
582 2059 722 2100 valeat
745 2062 943 2111 ὁμόφυλον,
974 2070 1120 2101 sensus
1141 2062 1291 2100 contra
1310 2062 1504 2110 ὁμοουσιου
1523 2057 1717 2111 patribus
1738 2058 1827 2099 An-

411 2132 622 2174 tiochenis
635 2131 789 2172 saeculi
808 2130 921 2173 tertii
941 2130 1111 2172 videtur
1131 2142 1220 2172 esse
1237 2130 1310 2171 ille
1333 2141 1459 2184 quem
1479 2129 1562 2170 fert
1580 2129 1624 2170 in
1645 2127 1828 2170 formula

416 2203 604 2255 ὁμοούσιος
636 2208 767 2255 πατρί;
799 2214 952 2257 nempe
982 2206 1031 2244 ut
1059 2201 1355 2255 individuum,
1387 2213 1476 2242 non
1505 2211 1661 2254 genus,
1693 2200 1825 2254 signi-

411 2275 511 2317 ficet
529 2288 540 2327 3
575 2274 694 2329 quod
715 2273 888 2329 quidem
904 2304 916 2326 ‚
940 2278 989 2316 ut
1008 2272 1094 2328 jam
1112 2272 1295 2315 vidimus
1310 2305 1322 2326 ‚
1343 2273 1498 2315 Paulus
1520 2284 1601 2327 pro
1624 2283 1825 2314 concesso

410 2347 541 2389 habet
569 2346 615 2388 in
644 2345 902 2401 sophismate
943 2357 1021 2387 suo
1061 2348 1209 2387 contra
1245 2344 1341 2387 illos
1382 2345 1527 2386 Patres
1563 2342 1822 2398 torquendo.

411 2418 538 2471 Quod
567 2417 676 2460 adeo
705 2421 926 2472 receptum
954 2417 1037 2459 fuit
1055 2416 1138 2459 illis
1166 2415 1453 2471 temporibuS,
1489 2418 1537 2456 ut
1565 2413 1825 2469 Hippolytus

410 2492 576 2531 tantum
605 2501 694 2530 non
722 2488 878 2531 diserte
909 2493 1033 2542 neget
1062 2488 1256 2530 homines
1278 2499 1366 2530 csse
1382 2487 1495 2528 inter
1517 2498 1562 2528 sc
1582 2485 1708 2528 unius
1726 2484 1826 2527 suh-

409 2561 586 2603 stantiae
611 2561 680 2602 vel
710 2563 853 2605 οὐσίαςς
886 2564 1010 2614 rogat
1027 2560 1141 2602 eniln
1156 2592 1168 2614 ,
1201 2567 1244 2611 μὴ
1276 2563 1408 2602 πάντες
1427 2556 1463 2595 ἔν
1485 2560 1586 2610 σῶμά
1606 2559 1709 2610 ἔσμεν
1731 2561 1823 2595 κατὰ

410 2640 472 2674 τὴν
505 2635 659 2678 obviam
697 2635 831 2674 Contr.
865 2635 979 2674 Noet.
1020 2633 1063 2674 7.
1095 2631 1307 2674 Malchion
1343 2634 1508 2682 autem,
1549 2628 1595 2670 in
1632 2628 1706 2670 illa
1733 2628 1825 2682 ipsa
1893 2654 1898 2660 -

409 2717 506 2745 cum
536 2704 667 2746 Paulo
697 2703 970 2746 dimicatione
990 2733 1002 2756 ,
1044 2701 1382 2745 haeresiarcham
1411 2701 1578 2743 incusat
1596 2698 1715 2755 quod
1737 2711 1824 2740 nou

406 2780 571 2819 teneret
603 2779 800 2815 οὐσιῶσθαι
821 2778 855 2814 ἐν
879 2779 929 2829 τῷ
950 2778 1017 2828 ὅλῳ
1042 2784 1175 2830 σωτῆρι
1194 2780 1255 2815 τὸν
1275 2777 1353 2813 υἱὸν
1375 2779 1438 2814 τὸν
1458 2781 1643 2827 μονογενῆ.
1660 2769 1820 2813 Bouth.

1912 3234 1915 3235 Ἴ
1894 3203 1910 3219 1

1908 3191 1950 3340 ης»
