1988 3366
215 281 1629 360 QQQWQQQWQQQQQQQ

551 584 1177 635 DISSERTATIO
1233 585 1272 634 I.

263 755 320 785 DE
349 754 528 792 QUARTA
559 753 784 783 omnum}
814 755 848 781 S.
876 753 1117 782 ATHANAsn
1148 754 1324 782 CONTRA
1355 754 1562 784 Ammos.

687 881 1146 919 ο-νῃὲἔῖἓῆἓῖξέᾗὸψῡ

210 1029 445 1148 Quatuor
476 1078 594 1130 illas,
636 1090 742 1131 quas
772 1077 901 1130 vulgo
935 1082 1116 1130 vocant,
1149 1078 1364 1120 Athanasii
1400 1079 1623 1122 Orationes

205 1154 355 1190 contra
395 1150 570 1190 Arianos
609 1154 751 1202 partes
796 1161 882 1190 esse
927 1150 1051 1190 unius
1096 1149 1236 1202 operis
1258 1181 1269 1201 ,
1318 1150 1623 1193 recentioribus

204 1221 362 1261 criticis
383 1221 739 1274 persuasissimum
762 1224 846 1271 est3
882 1225 978 1273 post
1014 1220 1176 1273 ipsum,
1212 1224 1258 1260 ut
1293 1220 1483 1274 videtur,
1509 1222 1624 1264 Pho-

207 1291 338 1343 tium,
381 1292 454 1345 qni
485 1291 631 1333 codice
660 1303 745 1333 ch
776 1291 830 1332 ad
866 1292 1102 1344 πεντάβιβ).ον
1140 1291 1356 1333 Athanasii
1394 1298 1620 1346 provocat.

202 1362 401 1404 Profecto
441 1363 816 1415 Montefalconius,
859 1368 907 1405 ut
945 1364 990 1404 in
1028 1375 1073 1404 re
1108 1363 1279 1404 minime
1312 1362 1467 1415 dubia,
1505 1366 1620 1406 omni

200 1432 454 1487 probatione
485 1438 654 1487 praeter
683 1433 818 1488 ipsam
839 1434 1049 1476 librorum
1071 1439 1326 1476 structuram
1345 1435 1621 1489 superseden-

200 1502 302 1545 dum
328 1502 503 1557 judicat.
545 1504 693 1546 «Nihil
724 1517 832 1558 opus
864 1509 926 1546 est
952 1505 1146 1558 longiore
1178 1505 1488 1561 disputatione,
1523 1521 1619 1551 cuni

200 1575 361 1616 clarum
391 1576 446 1616 sit
476 1588 526 1616 ex
556 1575 671 1617 hisce
707 1575 811 1630 ipsis
847 1581 1031 1629 quatuor
1066 1576 1362 1630 Orationibus,
1405 1579 1508 1620 nihil
1548 1594 1618 1622 eas

198 1658 421 1687 commune
459 1659 556 1687 cum
590 1646 678 1688 ullo
714 1647 797 1688 alio
840 1660 968 1702 opere
1005 1647 1193 1700 haberc3
1231 1648 1305 1690 sed
1334 1649 1390 1691 ita
1420 1650 1532 1692 inter
1571 1665 1615 1693 sc

199 1717 444 1770 cohaerere,
478 1722 526 1759 ut
555 1731 686 1759 unum
716 1719 831 1772 ipsae
863 1732 970 1774 opus
1001 1719 1125 1760 simul
1157 1720 1404 1772 conficiant,
1434 1735 1612 1777 quarum

199 1789 335 1842 prima
349 1789 403 1830 sit
416 1789 696 1844 principium,
719 1795 870 1844 quarta
893 1795 1034 1832 autem
1055 1791 1243 1832 omnium
1265 1793 1319 1833 sit
1342 1793 1460 1847 linis,
1488 1808 1615 1849 quain

198 1872 297 1900 sane
326 1860 382 1900 ob
414 1873 575 1902 causam
597 1861 687 1902 sola
707 1861 812 1903 haec
835 1862 982 1903 ultima
1008 1862 1134 1904 solita
1159 1864 1409 1906 terminatur
1439 1868 1616 1909 conclu-

198 1930 330 1971 sione.
355 1950 370 1965 »
398 1931 550 1972 Athan.
579 1934 684 1984 ΟΜ).
706 1937 739 1973 t.
763 1946 795 1974 1.
821 1946 897 1987 pp.
923 1934 1026 1985 403,
1053 1934 1095 1974 4.
1124 1935 1237 1976 Haec
1258 1935 1351 1987 ille;
1374 1938 1449 1991 qui
1472 1942 1613 1981 tamen

197 2002 340 2054 paullo
371 2002 616 2044 submissius
646 2004 862 2058 loquitur,
896 2017 993 2045 cum
1020 2005 1064 2046 in
1094 2006 1275 2057 Praefat.
1301 2020 1376 2049 sua
1398 2021 1443 2062 p.
1462 2022 1579 2051 xxxv
1600 2041 1612 2063 ‚

197 2077 240 2113 et
266 2074 309 2113 in
340 2076 415 2114 Vtt.
443 2075 589 2115 ΑῐΙιαη.
614 2087 659 2128 p.
688 2088 838 2126 mxu,
872 2075 1067 2117 concedit
1096 2089 1163 2117 eas
1194 2090 1281 2118 non
1311 2090 1399 2120 esse
1429 2085 1614 2122 exaratas

197 2147 313 2185 certo
342 2145 486 2199 aliquo
513 2146 691 2188 consilio
720 2147 836 2199 prius
872 2147 1001 2198 inito,
1026 2147 1123 2200 scd,
1158 2147 1337 2190 decursu
1363 2155 1614 2192 controver-

196 2214 305 2267 siae,
338 2215 515 2257 alteram
545 2229 595 2258 ex
626 2217 775 2268 altera,
812 2229 899 2271 quo
931 2230 998 2259 res
1026 2217 1231 2271 majorem
1252 2219 1425 2263 haberet
1446 2221 1611 2275 lucem,

199 2284 326 2326 fuisse
354 2285 611 2339 productas3
642 2287 688 2329 id
712 2287 830 2342 quod
853 2289 1077 2343 praecipue
1100 2290 1284 2331 cernitur
1306 2291 1348 2332 in
1369 2293 1550 2335 secunda
1571 2299 1612 2336 et

194 2356 317 2397 tertia
338 2356 657 2411 incipientibus,
690 2358 767 2400 ubi
787 2363 955 2401 sanctus
978 2361 1166 2413 Doctor,
1192 2373 1310 2402 lnorc
1336 2375 1436 2416 suo,
1466 2363 1610 2418 dispu-

194 2425 396 2468 tationem
415 2426 504 2481 jam
525 2427 637 2470 forte
658 2429 919 2482 longiorem,
944 2435 1120 2485 propter
1143 2432 1454 2475 haereticorum
1469 2439 1609 2477 tamen

193 2497 502 2551 pervicaciam,
535 2500 862 2542 continuandam
889 2500 1070 2555 judicat.

281 2568 367 2609 Nec
395 2569 533 2611 minus
561 2569 725 2625 liquida
754 2583 821 2613 res
843 2577 906 2614 est
928 2573 1223 2626 Tillemontio‚
1249 2574 1463 2617 scribenti:
1496 2596 1511 2612 «ι
1531 2578 1608 2619 Les

192 2639 342 2690 quatre
371 2639 561 2681 oraisons
590 2645 689 2682 sont
717 2645 859 2684 tontes
881 2643 979 2684 lie'es
1000 2644 1236 2699 ensemble,
1262 2650 1303 2688 et
1316 2659 1368 2688 cn
1392 2660 1448 2688 un
1471 2651 1607 2692 meme

193 2719 344 2762 corps,
377 2720 541 2752 comme
570 2711 602 2752 il
630 2714 766 2766 parait
795 2714 1161 2769 principalement,
1194 2717 1453 2773 parce-qu'il
1476 2718 1549 2775 n’y
1584 2734 1609 2762 a

193 2788 276 2831 que
303 2776 345 2820 la
375 2777 563 2824 derniere
593 2782 668 2836 qui
698 2781 835 2826 finisse
857 2796 932 2839 par
955 2785 995 2827 la
1018 2786 1300 2840 glorification
1338 2788 1563 2833 ordinaire.
1585 2811 1600 2827 υ

1462 2866 1473 2897 1
