1950 3340
726 222 783 229 .-
815 200 868 241 23
902 224 959 230 -

134 271 177 309 et
207 272 430 322 cognatam
462 270 678 311 materiam
710 270 886 312 unitatis
905 301 916 322 ‚
949 271 1227 326 simplicitatis
1244 305 1256 326 ‚
1290 273 1550 328 integritatis

132 336 296 380 divinae
313 369 324 391 ,
354 343 445 381 tum
469 339 563 382 Filii
591 341 901 394 generationis3
936 353 1115 396 quarum
1145 354 1230 384 una
1248 345 1286 395 S.
1314 350 1357 386 4.
1381 349 1425 387 et
1446 347 1554 390 alte-

131 408 218 450 rius
251 421 349 463 pars
379 412 417 461 5.
447 411 489 452 3.
523 411 700 452 Arianos
736 410 1001 466 alloquitur;
1038 413 1228 468 reliquae
1268 414 1449 459 familias
1476 418 1554 460 Sa-

131 478 350 522 bellianas.
411 509 418 515 -

221 552 262 591 2.
297 551 392 593 Duo
408 583 419 605 ,
453 553 478 594 6
499 556 541 594 et
559 554 582 594 7
602 584 614 606 ,
649 565 746 595 cum
775 554 942 596 Arianis
971 554 1165 597 cominus
1192 562 1386 610 pugnant
1403 589 1415 611 ,
1446 558 1552 601 nihil

130 626 269 663 autem
299 635 520 664 commune
548 624 707 666 habent
735 637 874 680 neque
895 638 992 667 cum
1022 626 1280 670 sectionibus
1298 641 1405 683 quae
1420 641 1550 684 prae-

130 692 286 735 cedunt
302 724 313 746 ,
346 706 484 749 neque
512 707 610 736 cum
639 696 691 737 iis
722 708 828 750 quae
858 696 1191 751 subsequuntur.

219 765 261 805 3.
287 765 408 818 Tres,
429 766 472 817 8,
506 767 573 819 11,
595 770 637 807 et
665 767 733 819 12,
757 767 1117 821 comparationem
1141 768 1287 811 ineunt
1313 770 1423 812 inter
1441 783 1547 814 con-

128 835 276 876 trarias
308 840 466 889 sectas,
499 837 726 892 praecipue
755 837 1050 880 sabellianam.

217 906 259 946 4.
293 907 393 947 Tres
434 907 562 960 aliae,
606 909 674 960 13,
717 909 784 959 14,
820 909 894 962 25,
935 911 1148 963 pertinent
1184 911 1239 953 ad
1273 912 1547 968 praecipuum

129 976 346 1030 quoddam
377 977 532 1031 dogma
557 978 724 1020 Sabellii
753 983 795 1020 et
819 980 1020 1022 Marcelli.

217 1049 258 1088 5.
292 1048 517 1090 Universae
535 1050 607 1090 21.
631 1050 837 1091 sectiones
853 1081 865 1102 ‚
891 1063 998 1105 quae
1021 1052 1208 1107 reliquae
1226 1058 1348 1106 sunt,
1370 1067 1542 1097 cursum

123 1122 266 1159 autem
294 1131 427 1173 paene
459 1120 708 1161 continuum
730 1120 887 1163 habent
903 1152 915 1175 ‚
947 1123 1097 1176 15-24,
1121 1125 1277 1166 26-29.
1301 1137 1426 1167 unam
1444 1138 1538 1168 rem

127 1193 282 1242 agunt,
313 1189 502 1232 Verbum
532 1191 690 1233 scilicet
725 1191 839 1234 idem
862 1206 950 1235 esse
975 1207 1025 1236 ac
1052 1195 1183 1238 Filius
1202 1227 1214 1250 ‚
1247 1201 1399 1240 contra
1433 1196 1539 1239 doc-

126 1260 280 1302 trinam
310 1261 495 1304 Marcelli
527 1266 569 1303 et
603 1264 723 1306 Pauli
750 1265 1023 1307 samosateni.
