1950 3340
975 194 1034 202 -.
1063 170 1119 213 42
1151 194 1209 201 -.

376 255 599 298 essentiam
627 256 759 297 totam
791 257 834 296 et
855 253 1052 296 universa
1071 253 1270 296 habuerit
1291 251 1498 295 attributa
1518 252 1798 308 Omnipoten-

379 326 435 367 tis
461 327 538 368 Dei
555 357 566 379 ,
598 338 652 368 an
683 330 833 368 contra
861 326 1032 368 initium
1053 324 1279 376 existendi,
1303 329 1345 366 et
1366 325 1447 366 alia
1468 337 1577 380 quae
1601 324 1653 366 de
1674 325 1802 367 rebus

379 397 531 439 creatis
555 396 868 452 praedicantur.
900 397 994 449 Quo
1025 401 1166 438 autem
1195 409 1284 438 rem
1316 397 1577 447 dirimerent,
1603 397 1802 440 catholici

380 469 675 522 provocabant
705 469 760 511 ad
792 471 938 511 Patres
979 470 1170 523 priorum
1207 469 1500 521 saeculorum,
1535 470 1609 523 qui
1646 470 1803 512 scilicet

379 541 486 583 Filio
517 542 593 583 Dei
624 554 712 583 non
742 545 1066 596 temporaneum
1097 545 1261 593 ortum,
1294 541 1370 584 sed
1398 545 1601 596 paternae
1633 542 1800 583 Divini-

377 614 476 655 tatis
506 612 818 667 plenitudinem
846 612 1111 654 tribuissent.

471 685 528 726 At
550 684 594 725 in
613 684 700 726 hoc
722 685 1011 739 antiquiorum
1030 685 1286 739 scriptorum
1307 685 1550 726 testimonio
1576 697 1664 727 esse
1685 684 1805 739 quod

378 754 506 797 docta
536 755 791 797 tractatione
822 759 990 809 egeret,
1023 756 1187 797 censuit
1215 755 1362 798 Bullus
1381 786 1393 808 ,
1438 756 1508 798 cui
1544 755 1594 797 lis
1622 769 1647 798 a
1679 756 1804 798 nobis

377 825 635 868 intendenda
668 831 756 878 est,
790 839 877 881 quo
901 827 1010 868 bene
1032 831 1222 869 curreret
1245 827 1554 869 catholicorum
1579 839 1804 881 argumen-

373 902 493 950 tum,
517 902 557 939 et
587 897 892 940 eruditioribus
916 898 1203 952 persuaderet.
1230 900 1332 940 Nam
1356 899 1586 953 scriptores
1610 899 1802 954 quinque

376 969 469 1010 aevi
492 969 807 1022 Ante-nicaeni,
842 970 1154 1023 Athenagoram
1174 1001 1185 1023 ,
1221 971 1464 1023 Tatianum,
1491 969 1802 1024 Theophilum,

380 1040 685 1095 Hippolytum,
701 1041 1000 1094 Novatianum,
1013 1054 1198 1096 quorum
1211 1041 1298 1083 duo
1317 1042 1362 1083 in
1382 1041 1577 1095 catalogo
1591 1044 1690 1082 sunt
1711 1051 1805 1081 san-

378 1117 546 1154 ctorum
562 1143 573 1165 ,
594 1125 683 1154 non
702 1112 913 1154 inficiatus
935 1117 998 1154 est
1019 1114 1085 1154 vir
1110 1113 1261 1155 doctus
1282 1114 1340 1155 ita
1363 1112 1414 1155 de
1435 1113 1542 1155 Filio
1563 1111 1643 1154 Dei
1664 1112 1801 1166 loqui,

378 1189 426 1226 ut
446 1184 669 1227 haereticis
703 1198 844 1227 ansam
871 1185 1145 1240 praebuerint
1183 1184 1454 1239 affirmandi,
1487 1183 1569 1226 sibi
1598 1183 1804 1239 placuisse

377 1257 567 1298 Verbum
598 1257 677 1298 Dei
707 1257 865 1299 factum
897 1270 986 1300 esse
1018 1258 1098 1299 Dei
1127 1257 1278 1300 Filium
1321 1261 1438 1299 certo
1470 1255 1658 1311 quodam
1694 1259 1804 1297 tem-

376 1341 500 1383 pore,
527 1333 656 1383 atque
684 1329 782 1371 ideo
815 1328 1135 1383 quodammodo
1173 1329 1396 1371 «extitisse
1428 1333 1525 1370 ante
1558 1326 1800 1381 generatio-

375 1413 474 1442 nem
497 1413 638 1453 suam,
660 1419 676 1436 »ι
717 1413 769 1442 eo
805 1401 1062 1443 certantibus
1083 1413 1180 1442 cum
1200 1401 1303 1442 Ario
1328 1400 1448 1454 quod
1471 1399 1661 1442 dicerent
1690 1399 1799 1440 Ver-

376 1472 483 1514 bum
514 1485 603 1514 esse
625 1476 843 1514 aeternum
857 1503 868 1525 ,
894 1485 946 1514 eo
967 1471 1330 1515 consentientibus
1352 1471 1471 1527 quod
1490 1471 1642 1512 Filium
1670 1474 1806 1512 aeter-

377 1556 479 1585 num
511 1556 601 1586 esse
629 1557 717 1585 non
743 1543 947 1586 dicerent.

462 1616 559 1657 Non
583 1615 681 1657 ideo
713 1620 855 1657 tamen
885 1615 1190 1670 improbandus
1211 1620 1275 1657 est
1295 1615 1466 1668 Bullus,
1500 1615 1599 1670 quia
1622 1614 1804 1656 sollicita

373 1691 515 1728 mente
535 1688 775 1742 priscorum
798 1688 934 1730 famae
955 1721 966 1742 ,
1000 1700 1176 1730 suorum
1206 1687 1305 1729 fidei
1340 1687 1614 1729 consuluerit.
1651 1687 1803 1727 Fateor

373 1759 598 1814 equidem,
633 1772 722 1801 non
760 1761 997 1815 Hippolyto
1031 1760 1170 1801 solum
1201 1764 1243 1801 et
1267 1759 1532 1813 Theophilo,
1567 1757 1639 1799 sed
1674 1759 1803 1799 Post-

373 1831 558 1873 nicaenis
588 1832 713 1873 etiam
742 1832 904 1874 Hilario
937 1837 979 1873 et
1009 1833 1167 1874 Zenoni
1194 1832 1425 1874 Veronensi
1456 1831 1500 1872 in
1532 1830 1612 1871 hac
1635 1829 1805 1871 materia

371 1902 479 1944 illud
511 1903 712 1945 excidisse
728 1935 739 1957 ,
763 1904 883 1959 quod
907 1908 1140 1946 resecatum
1163 1904 1230 1946 vel
1252 1904 1402 1945 saltem
1419 1903 1676 1957 explicatum
1699 1913 1802 1955 pru-

375 1974 590 2018 dentiores
607 1977 760 2029 velint3
784 1980 834 2018 ut
854 1978 1028 2018 Marano
1051 1989 1250 2031 quoque,
1272 1975 1507 2018 Balleriniis
1522 2006 1533 2027 ,
1558 1974 1650 2016 aliis
1670 1975 1805 2014 visum

374 2053 453 2090 est.
482 2048 647 2090 Scilicet
670 2048 1011 2091 incommodiora
1037 2049 1141 2091 haec
1172 2049 1518 2103 gravissimorum
1548 2047 1805 2100 scriptorum

373 2121 505 2163 verba
529 2125 699 2163 constat
721 2121 774 2163 ab
797 2121 1020 2163 haereticis
1041 2122 1191 2163 saltem
1214 2119 1461 2163 recentioris
1484 2119 1576 2160 aevi
1596 2117 1640 2159 in
1663 2120 1804 2172 partes

374 2205 472 2234 suas
503 2192 684 2246 adduci;
718 2206 817 2235 nam
848 2197 994 2235 utrum
1020 2193 1074 2234 ab
1098 2193 1200 2247 ipsis
1220 2192 1309 2233 Arii
1329 2189 1612 2233 sectatoribus
1635 2187 1805 2243 objecta

371 2264 532 2307 fuerint
552 2265 774 2307 catholicis
795 2265 976 2307 Concilii
993 2265 1166 2307 Nicaeni
1186 2263 1355 2306 saeculo
1368 2294 1379 2316 ,
1405 2263 1486 2305 alia
1507 2274 1573 2303 res
1595 2264 1673 2302 est.
1699 2261 1805 2301 Pro-

373 2336 489 2379 fecto
521 2341 676 2379 notatu
721 2336 1016 2391 dignissimum
1042 2341 1105 2379 est
1141 2336 1322 2378 Arianos
1350 2336 1492 2390 ipsos,
1534 2344 1633 2375 cum
1662 2331 1805 2373 Eccle-

373 2410 435 2451 sia
463 2408 736 2462 dimicanteS,
771 2422 858 2451 non
884 2421 1139 2464 provocasse
1170 2407 1225 2451 ad
1256 2410 1401 2450 Patres
1425 2407 1619 2461 priorum
1638 2407 1806 2457 tempo-

372 2493 469 2523 rum
490 2494 628 2536 usque
652 2481 707 2523 ad
730 2481 831 2523 circ.
858 2493 928 2523 an.
956 2482 1064 2534 352,
1089 2492 1225 2535 paene
1245 2479 1423 2533 triginta
1444 2479 1544 2532 post
1565 2474 1804 2518 Concilium

376 2542 612 2596 Nicaenum
635 2554 791 2596 exactis
813 2553 956 2606 annis,
988 2565 1107 2607 cum,
1141 2551 1401 2608 argumentis
1428 2561 1478 2591 ex
1509 2547 1672 2590 ratione
1691 2551 1732 2589 et
1755 2558 1807 2588 ex

372 2625 603 2680 Scripturis
620 2656 631 2677 ,
668 2627 678 2677 (
697 2629 744 2667 ut
767 2624 1021 2667 Athanasius
1041 2624 1235 2679 loquitur
1254 2623 1301 2664 in
1322 2620 1512 2678 Epistola
1533 2631 1607 2661 sua
1627 2619 1674 2659 cle
1693 2619 1802 2659 Sent.

371 2699 516 2738 Dion]
533 2730 542 2739 .
560 2699 571 2750 )
595 2697 755 2740 frustra
769 2697 913 2753 petitis
925 2729 937 2751 ,
967 2715 984 2734 «
1002 2695 1176 2740 tandem
1191 2708 1243 2739 eo
1265 2693 1462 2738 audaciae
1478 2692 1777 2747 processerunt
1788 2720 1800 2742 ,

373 2772 422 2811 ut
440 2768 569 2812 ctiam
582 2770 733 2813 Patres
751 2769 1126 2813 calumniarentur.
1147 2787 1164 2806 »
1186 2767 1395 2812 Nimirum
1417 2763 1558 2821 primo
1578 2761 1633 2805 ad
1655 2759 1803 2804 Collu-
