1950 3340
168 265 332 318 divina,
360 263 516 306 Routh.
544 264 644 304 ltell.
672 267 778 303 tom.
804 262 846 302 2.
869 274 914 316 p.
940 261 1042 313 4663
1065 261 1099 301 si
1123 260 1218 315 quis
1243 259 1417 302 doceret
1441 273 1586 314 secus,

170 349 266 380 eum
296 336 405 378 duos
427 335 529 377 deos
547 333 793 389 praedicare
813 363 824 385 ,
849 346 895 387 p.
915 333 1018 385 4673
1043 332 1220 385 Filium,
1245 336 1341 373 ante
1362 331 1589 375 adventum

168 409 213 450 in
244 420 393 459 earne,
427 407 579 458 fuisse,
613 410 684 447 aut
715 405 1042 446 instrumentum
1073 403 1304 458 quiddam,
1339 408 1413 445 aut
1443 405 1590 447 saltem

170 479 422 521 attributum
449 478 610 530 solum,
644 490 690 531 p.
712 477 814 517 469.
833 490 843 529 ;
878 476 1182 517 humanitatem
1202 473 1292 528 ejus
1313 487 1399 516 non
1422 475 1479 517 ita
1500 487 1590 517 esse

168 551 330 592 unitam
364 549 575 591 divinitati
607 553 654 590 ut
688 548 809 589 aliter
839 560 927 589 esse
959 559 1047 588 uon
1076 550 1248 600 posset,
1284 558 1329 600 p.
1356 547 1459 588 473.
1486 549 1591 589 Ver-

168 622 271 663 bum
303 626 345 662 et
375 621 588 662 Christum
620 631 707 660 non
744 631 875 660 unum
919 631 1007 659 esse
1044 621 1087 659 et
1126 616 1307 659 eundem
1327 649 1339 670 ,
1379 630 1424 673 p.
1449 619 1551 661 474.
1575 651 1588 674 ,

168 692 422 747 Sapientiam
455 692 501 733 in
541 691 707 733 Christo
750 703 861 743 esse,
903 691 1012 732 sicut
1047 690 1092 732 in
1131 689 1357 744 Prophetis
1389 720 1401 743 ,
1440 703 1590 733 verum

166 763 471 814 abundantius,
502 767 720 816 tamquam
749 762 794 803 in
823 761 1011 816 templo;
1046 773 1143 802 eum
1173 765 1316 802 autem
1346 761 1419 815 qui
1455 774 1590 816 appa-

168 834 341 885 ruisset,
378 845 466 874 non
494 845 582 874 esse
621 833 874 887 Sapientiam
893 863 904 885 ,
928 845 975 887 p.
995 833 1096 874 475.
1125 832 1333 887 denique,
1358 837 1407 874 ut
1427 846 1591 876 summa

166 906 228 947 rei
265 905 519 959 proponitur
557 917 601 958 p.
637 905 740 956 484,
785 922 800 938 α
823 916 910 946 non
957 908 1284 957 congeneratam
1320 904 1450 947 fuisse
1486 918 1585 947 cum

167 975 428 1017 humanitate
459 975 706 1030 sapientiam
727 974 1057 1016 substantialiter
1074 1006 1085 1028 ,
1118 975 1194 1017 sed
1225 975 1458 1018 seeundum
1478 989 1588 1031 qua-

166 1047 342 1088 litatem.
375 1066 390 1081 »
419 1046 517 1088 Vid.
544 1058 718 1100 quoque
739 1058 814 1101 pp.
843 1046 946 1098 476,
971 1046 1071 1086 485.
1098 1046 1212 1098 Quae
1245 1046 1418 1100 quidem
1447 1048 1591 1089 omnia

167 1122 285 1160 certo
324 1118 642 1170 demonstrant,
671 1118 871 1159 tribuisse
901 1117 1075 1159 Paulum
1098 1130 1195 1159 cum
1219 1117 1415 1159 Nestorio
1446 1117 1590 1172 hypo-

168 1189 295 1231 stasin
326 1189 533 1231 humanae
553 1189 706 1232 Christi
735 1193 941 1242 11aturae3
976 1188 1173 1229 tribuisse
1217 1193 1358 1230 autem
1387 1200 1482 1230 cum
1515 1201 1591 1230 eo-

171 1260 267 1303 dem
316 1265 490 1302 naturae
533 1260 698 1302 divinae
739 1260 911 1302 alteram
952 1259 1202 1314 hypostasin
1229 1290 1240 1311 ,
1293 1271 1382 1301 non
1413 1259 1591 1302 demon-

169 1337 321 1374 strant.
367 1333 516 1374 Verius
562 1331 721 1373 dictum
771 1332 879 1383 erit,
931 1332 1215 1385 antiquiorem
1255 1330 1590 1374 haeresiarcham

166 1415 343 1457 prorsus
381 1416 468 1445 non
500 1402 714 1446 admisisse
738 1403 923 1445 divinam
944 1403 1207 1458 hypostasim
1236 1402 1282 1444 in
1313 1403 1481 1445 Christo
1499 1434 1511 1456 ,
1541 1408 1591 1445 ut

168 1474 338 1516 Sabellii
368 1475 727 1527 commilitonem3
761 1487 1009 1529 quanquam
1039 1474 1085 1516 id
1115 1479 1178 1516 est
1207 1487 1355 1516 verum
1385 1487 1559 1529 quoque
1577 1506 1589 1526 ,

167 1547 312 1587 Patres
342 1546 631 1587 Antiochenos
648 1577 659 1598 ,
695 1559 783 1587 non
814 1546 994 1588 libenter
1014 1550 1182 1587 tantum
1204 1546 1339 1587 scelus
1359 1545 1591 1588 tribuentes

167 1617 326 1670 Paulo,
347 1621 395 1658 ut
413 1617 659 1672 hypostasin
680 1616 809 1659 Verbi
832 1621 1005 1670 negaret
1021 1648 1031 1668 ,
1059 1629 1108 1658 ex
1133 1617 1186 1658 iis
1216 1629 1323 1671 quae
1345 1616 1397 1658 de
1420 1617 1590 1659 Christo

164 1686 336 1729 homine
369 1687 620 1741 effutiebat,
656 1687 884 1741 conjecisse
920 1700 1017 1729 eum
1050 1687 1235 1740 docere,
1269 1692 1318 1729 ut
1341 1688 1586 1730 Nestorium

167 1762 340 1812 postea,
381 1758 489 1800 duos
519 1771 606 1800 esse
643 1759 783 1811 filios,
821 1771 951 1800 unum
985 1762 1228 1812 aeternum,
1265 1759 1445 1801 alterum
1482 1764 1590 1801 tem-

167 1841 426 1883 poraneum,
461 1842 507 1883 p.
539 1831 641 1871 485.
687 1831 826 1882 Quare
856 1830 1045 1884 Epistola
1074 1829 1328 1885 Synodalis,
1368 1834 1468 1885 post
1501 1829 1591 1885 ejus

170 1899 482 1954 depositionem
505 1914 529 1942 a
550 1901 748 1943 Patribus
769 1902 1010 1957 conscripta
1025 1932 1036 1953 ,
1063 1914 1162 1942 eum
1185 1901 1376 1943 docuisse
1396 1905 1590 1954 testatur,

169 1970 382 2012 Christum
425 1972 586 2014 venisse
623 1985 711 2014 non
751 1972 804 2014 de
843 1973 961 2014 caelo
986 2003 998 2026 ,
1043 1972 1118 2014 sed
1159 1972 1212 2014 de
1258 1976 1387 2014 terra.
1433 1971 1587 2013 Euseb.

170 2042 279 2083 Hist.
307 2055 389 2093 vn,
413 2043 483 2084 30.
522 2044 668 2098 Neque
697 2044 817 2086 aliter
848 2044 1099 2086 Athanasius
1131 2043 1307 2085 Paulum
1329 2043 1432 2086 dicit
1467 2043 1591 2086 Chri-

167 2117 280 2154 stum
311 2126 392 2168 pro
422 2126 539 2156 mero
571 2115 743 2157 homine
774 2115 997 2169 habuisse,
1031 2118 1068 2153 ἐκ
1101 2125 1278 2168 πρεκοπῆς
1310 2114 1366 2157 ad
1388 2114 1588 2157 divinita-

168 2189 254 2226 tem
277 2197 396 2226 suam
416 2191 580 2228 evecto.

258 2256 363 2296 Cum
393 2261 533 2298 autem
567 2269 653 2298 non
687 2258 790 2299 levis
821 2262 929 2300 esset
970 2257 1204 2300 similitudo
1242 2258 1353 2299 inter
1387 2257 1509 2299 Pauli
1550 2261 1593 2298 et

168 2326 352 2368 Nestorii
369 2326 586 2381 dogmata,
610 2328 703 2379 (illo
723 2329 861 2382 capite
885 2333 1081 2383 excepto,
1106 2328 1226 2384 quod
1244 2327 1591 2383 personalitatem

170 2401 214 2438 et
247 2398 536 2440 aeternitatem
565 2399 718 2451 Verbi,
741 2400 914 2441 Nicaeae
936 2400 1096 2442 interea
1130 2399 1407 2450 declaratam,
1432 2402 1594 2440 teneret

169 2468 411 2522 Nestorius,
447 2469 640 2523 rejiceret
658 2471 862 2523 Paulus,)
894 2484 1075 2526 aequum
1097 2475 1215 2523 erat,
1242 2471 1438 2512 Nestorio
1461 2471 1503 2511 in
1522 2468 1593 2523 jus

168 2543 348 2593 vocato,
382 2541 437 2583 ad
465 2542 582 2583 Pauli
608 2543 794 2596 priorem
828 2543 1028 2584 haeresim
1049 2574 1059 2594 ,
1099 2542 1350 2585 Antiochiae
1370 2540 1456 2596 jam
1488 2553 1592 2582 con-

170 2609 410 2652 demnatam
429 2643 440 2664 ,
474 2624 497 2654 a
524 2613 720 2666 patribus
742 2613 898 2668 Ephesi
915 2615 1180 2668 congregatis
1202 2613 1440 2668 provocari.
1465 2613 1593 2654 Atta-

168 2693 268 2723 men
287 2683 537 2725 contestatio
560 2683 630 2726 illa
660 2689 811 2727 contra
832 2685 1098 2738 Nestorium,
1122 2697 1257 2739 quae,
1283 2682 1469 2739 praefixa
1490 2682 1596 2726 actis

169 2751 388 2807 Ephesinis
403 2785 416 2807 ,
436 2753 568 2797 Hard.
593 2755 711 2798 Cone.
737 2759 770 2797 t.
793 2768 826 2810 1,
851 2768 896 2811 p.
928 2757 1053 2798 1272.
1079 2755 1259 2798 Paulum
1279 2760 1323 2798 et
1349 2754 1595 2798 Nestorium
