1950 3340
780 187 838 195 .-.
869 163 923 206 67
955 185 1014 194 ..-

181 253 407 306 hypostasin
421 249 560 305 primo
575 248 774 302 scriptam
790 246 844 288 ab
860 246 943 287 illis
957 244 1101 296 fuisse,
1115 241 1269 286 deinde
1282 246 1407 285 usiam
1421 244 1602 299 provida

182 327 322 365 mente
340 320 547 377 adjectam
567 351 578 373 ‚
597 332 649 361 ne
669 319 828 361 scilicet
846 319 1072 370 hypostasin
1090 327 1222 370 prave
1239 316 1441 358 verterint
1456 316 1603 359 Sabel-

182 394 301 447 liani,
321 393 442 448 quasi
461 391 646 434 voluerit
655 403 842 443 persona.
862 386 1124 430 Crediderim
1145 390 1362 441 praeterea
1381 388 1608 440 hypostasin

183 467 372 521 priorem
402 463 501 507 ideo
533 461 731 505 habuisse
760 461 926 511 locum,
961 459 1062 514 quia
1083 458 1275 500 Concilio
1294 458 1603 514 Oecumenico,

183 536 263 578 sub
285 535 533 577 Latinorum
551 532 792 588 magisterio
814 532 979 585 habito,
1006 529 1260 572 vocabulum
1276 532 1508 584 substantia,
1534 545 1608 575 seu

184 609 414 661 hypostasis,
444 605 565 660 quasi
587 604 776 646 nativum
797 603 928 645 fuerit
956 606 998 644 et
1027 601 1230 643 solemne.
1255 601 1369 653 Quin
1383 603 1605 657 Damasus,

186 678 494 734 quinquaginta
524 680 623 731 post
651 687 805 729 annos,
839 673 1034 728 loquitur
1065 672 1118 715 de
1148 673 1304 728 Spiritu
1335 674 1488 714 Sancto
1510 677 1609 716 tan-

185 762 314 805 quam
336 748 524 804 ejusdem
544 749 760 801 hypostasis
780 750 822 787 et
841 749 948 786 usias
969 757 1066 786 cum
1086 746 1208 786 Patre
1230 748 1272 785 et
1292 743 1417 785 Filio.
1441 745 1605 788 Theod.

187 824 292 862 Htst.
317 834 369 874 11,
403 822 450 862 17
469 834 480 872 ;
501 820 628 872 longe
648 818 769 860 aliter
791 821 918 870 atque
940 815 1175 858 Concilium
1197 815 1525 859 Oecumenicum
1542 830 1610 859 se-

189 892 375 934 cundum
391 924 403 946 ,
437 905 461 933 a
480 903 567 945 quo
582 923 593 945 ‚
627 889 869 931 absentibus
891 889 1050 942 quippe
1073 887 1233 928 Latinis
1249 919 1260 940 ‚
1284 892 1371 930 tres
1388 889 1611 941 hypostases

187 967 589 1005 conunemorantur.
616 962 761 1015 Neque
773 960 877 1001 alius
890 959 972 1000 fuit
994 959 1072 1000 nisi
1089 959 1259 1012 Hosius,
1276 971 1326 999 ex
1347 961 1612 1013 praesulibus

186 1036 342 1078 scilicet
358 1035 542 1087 Latinis,
579 1033 677 1088 (qui
698 1033 790 1087 ipse
812 1030 1031 1073 Pontificis
1054 1030 1188 1072 fuerat
1210 1030 1375 1084 legatus
1395 1031 1610 1086 Nicaeae‚)

188 1107 264 1160 qui
295 1106 630 1148 controversiam
660 1103 712 1145 de
737 1105 955 1143 substantia
983 1103 1070 1143 sive
1093 1103 1319 1155 hypostasi,
1355 1103 1400 1144 in
1433 1104 1612 1146 Alexan-

191 1177 327 1219 driam
365 1177 594 1219 induxerit.
637 1174 832 1217 Sardicae
866 1185 1039 1228 quoque
1056 1204 1068 1225 ‚
1111 1186 1355 1228 quanquam
1395 1176 1613 1227 hypostasis

191 1261 272 1303 pro
303 1252 390 1289 usia
413 1249 457 1289 in
481 1246 713 1302 Epistolam
736 1244 992 1300 synodalem
1014 1256 1103 1285 non
1125 1244 1408 1287 inducebatur
1425 1277 1436 1299 ‚
1470 1251 1612 1289 tamen

192 1333 241 1361 ex
260 1319 435 1361 historia
448 1318 622 1361 Concilii
645 1321 826 1370 constat,
846 1316 1023 1357 Hosium
1039 1316 1099 1356 ibi
1120 1317 1321 1358 restitisse
1339 1317 1409 1371 iis,
1433 1318 1613 1372 quibus-

190 1403 288 1432 cum
319 1403 471 1444 magna
502 1403 551 1432 cx
581 1394 702 1444 parte
733 1387 1039 1430 consentiebat.
1073 1388 1167 1429 Hoc
1196 1400 1328 1443 porro
1361 1389 1404 1431 in
1436 1395 1612 1432 contro-

192 1463 326 1504 versia
355 1461 531 1504 fortasse
561 1464 649 1502 erat
684 1460 851 1513 saeculo
891 1460 1019 1500 tertio
1062 1460 1173 1500 inter
1209 1460 1440 1515 Dionysios
1477 1461 1611 1517 duos,

193 1531 444 1575 Pontificem
465 1533 702 1574 Romanum
716 1535 758 1572 et
777 1529 1102 1572 Alexandrinam
1115 1531 1367 1583 Praesulem,
1391 1534 1456 1583 (ut
1477 1533 1614 1575 visum

194 1611 256 1648 est
286 1606 555 1658 Constantio,
591 1603 935 1646 dissentientibus
956 1607 1094 1644 autem
1119 1604 1293 1644 Marano
1311 1608 1353 1644 et
1374 1604 1580 1657 Bouthio)
1602 1619 1612 1645 :

194 1690 291 1719 cum
322 1675 626 1718 Alexandrinus
654 1680 739 1717 tres
770 1686 857 1716 esse
888 1674 1138 1729 hypostases
1160 1673 1465 1728 confirmabat,
1505 1677 1617 1718 Pon-

194 1748 296 1790 tifex
319 1752 460 1788 autem
480 1751 567 1788 tres
590 1746 773 1788 divulsas
800 1747 1098 1798 (μεμερισμένας)
1123 1746 1153 1787 i.
1180 1758 1217 1786 e.
1245 1750 1329 1787 tres
1360 1746 1616 1789 substantias

195 1818 534 1871 condemnabat,
569 1818 688 1872 quasi
718 1818 1002 1859 tritheismum
1033 1818 1273 1871 sapueri11t3
1307 1816 1617 1860 Alexandrinus

194 1895 334 1931 autem
364 1889 610 1942 regerebat‚
649 1889 726 1929 «Si
757 1901 807 1930 eo
839 1887 958 1943 quod
979 1892 1066 1929 tres
1088 1892 1186 1928 sunt
1205 1888 1428 1940 hypostases
1444 1920 1455 1941 ,
1481 1887 1618 1930 divul-

195 1975 262 2003 sas
293 1973 381 2003 esse
412 1960 560 2002 dicunt
579 1991 590 2013 ,
627 1964 713 2002 tres
752 1965 849 2002 sunt
869 1991 880 2013 ‚
922 1960 1086 2001 etiamsi
1119 1959 1282 2009 nolint,
1316 1964 1388 2000 aut
1420 1960 1616 2002 Divinam

194 2033 438 2074 Trinitatem
456 2044 630 2086 prorsus
660 2044 682 2072 e
713 2031 853 2073 medio
867 2031 1035 2072 tollant.
1057 2051 1072 2065 »ι
1097 2044 1166 2082 ap.
1183 2030 1308 2071 Basil.
1331 2031 1379 2070 de
1398 2032 1514 2083 Sp.S.
1541 2032 1612 2073 72.

196 2103 307 2156 Quid
328 2102 446 2157 quod
468 2102 800 2146 occidentalium
821 2115 920 2144 usus
943 2103 987 2143 in
1012 2101 1240 2143 Athanasio
1266 2102 1469 2154 cernitur,
1490 2102 1619 2144 semel

197 2175 265 2217 vel
294 2176 448 2216 iterum
471 2173 639 2228 hospite
663 2173 880 2215 Pontificis
900 2173 1078 2215 Romani
1099 2186 1110 2225 ;
1145 2173 1244 2226 qui,
1279 2185 1375 2213 cum
1397 2172 1615 2226 Origenes,

198 2247 427 2301 Dionysius
447 2278 459 2299 ‚
500 2245 777 2298 Ammonius,
820 2244 1058 2286 Alexander
1077 2275 1088 2296 ‚
1133 2243 1359 2297 populares
1396 2244 1458 2285 sui
1482 2274 1492 2296 ,
1533 2243 1619 2286 duo

198 2322 239 2359 ct
270 2323 354 2359 tres
385 2319 609 2370 hypostases
639 2315 898 2358 confitentur
917 2347 929 2368 ‚
962 2316 1020 2356 ita
1051 2319 1193 2356 tamen
1223 2314 1314 2369 ipse
1338 2314 1472 2355 variat
1495 2327 1621 2356 voca-

198 2388 288 2430 buli
319 2400 487 2430 scnsum
501 2418 512 2440 ‚
546 2387 676 2428 modo
709 2399 834 2428 unam
852 2418 863 2438 ‚
897 2386 1027 2428 modo
1049 2390 1135 2427 tros
1157 2385 1313 2427 docens
1335 2385 1557 2436 hypostases
1578 2386 1622 2427 in

199 2460 425 2501 Divinitate
439 2491 451 2513 ,
485 2463 532 2500 ut
551 2458 744 2500 videatur
764 2470 899 2512 prope
919 2458 962 2498 in
982 2470 1025 2498 se
1042 2456 1262 2498 ostendere
1280 2456 1392 2497 illam
1415 2456 1622 2510 loquendi

200 2531 439 2572 libertatem
459 2563 471 2584 ,
506 2542 633 2584 quam
662 2529 706 2571 in
738 2529 928 2571 Concilio
964 2527 1249 2570 Alexandrino
1290 2527 1517 2569 Catholicis
1553 2541 1621 2570 as-

202 2604 348 2644 seruit.

290 2673 406 2724 Quae
426 2673 460 2715 si
482 2677 596 2715 recte
627 2685 671 2714 sc
691 2671 904 2725 habeant,
937 2672 1116 2726 intelligi
1140 2675 1282 2727 potest
1306 2684 1455 2726 quare,
1476 2671 1519 2713 in
1540 2671 1623 2712 tri-

203 2742 284 2786 bus
313 2743 396 2786 illis
435 2743 778 2787 Confessionibus
819 2744 1194 2788 Semi-arianorum
1209 2775 1221 2797 ‚
1266 2743 1485 2787 omittatur
1533 2762 1547 2778 «ι
1575 2756 1627 2784 ex
